5400 6817
1032 699 1454 787 [awo-3771]
2205 706 2278 767 31
2325 715 2604 768 memo
2650 704 2826 767 1638.
3889 704 4006 767 365

1033 865 1300 924 Deodato
1353 866 1396 923 I.
1425 866 1486 926 G.
1514 866 1845 939 Parisiensi,
1893 868 2126 940 rogavit
2175 886 2266 924 me
2314 869 2380 925 ut
2426 868 2566 925 item
2619 866 2888 940 Systema
2935 886 3101 925 suum
3150 866 3608 941 Copernicanum
3662 866 4008 925 vertendum

1034 978 1402 1051 susciperem,
1443 997 1513 1035 ex
1552 976 1672 1036 alto
1712 981 1909 1035 tamen
1948 976 2371 1036 dissimularem
2410 997 2500 1035 me
2543 977 2651 1036 hoc
2704 977 2973 1053 precibus
3014 979 3130 1036 suis
3182 977 3412 1036 dedisse
3429 975 3497 1036 (¹).
3537 977 3689 1050 Feci,
3745 981 3803 1035 et
3853 980 3913 1036 in
3949 976 4009 1035 id

1034 1095 1370 1162 comparata
1406 1089 1481 1146 ad
1519 1090 1795 1147 lectorem
1834 1090 2123 1163 praefatio
2161 1095 2264 1160 est,
2304 1093 2371 1146 ut
2409 1089 2678 1147 editionis
2709 1090 2925 1147 crimen
2951 1088 3022 1147 ab
3051 1094 3257 1146 autore
3283 1089 3588 1162 depulsum
3620 1090 3680 1146 in
3705 1088 3848 1146 alios
3876 1107 4008 1145 con-

1034 1198 1274 1256 feratur.
1304 1198 1454 1255 Nam
1483 1219 1628 1270 quae
1656 1198 1727 1256 de
1751 1198 2021 1272 Engelke
2043 1198 2089 1241 ³2)
2120 1204 2180 1257 et
2207 1200 2414 1256 ceteris
2455 1200 2676 1270 scripsi,
2718 1199 2924 1256 fictitia
2961 1198 3240 1271 pleraque
3283 1202 3444 1256 sunt:
3489 1196 3758 1272 Engelke
3795 1197 4008 1256 librum

1033 1328 1107 1366 ne
1131 1328 1237 1380 per
1262 1310 1545 1365 somnium
1574 1307 1806 1379 quidem
1831 1307 1995 1366 vidit.
2021 1308 2225 1365 Habeo
2250 1308 2418 1365 binas
2451 1308 2525 1365 ab
2557 1315 2763 1366 autore
2788 1308 3036 1378 litteras,
3061 1328 3207 1366 unas
3234 1292 3503 1379 latine(3>,
3538 1309 3752 1366 alteras
3780 1311 4009 1365 etrusco

1035 1417 1308 1475 idiomate
1326 1415 1380 1461 (4)
1419 1419 1684 1501 scriptaS,
1726 1419 2189 1489 elegantissimas
2229 1422 2509 1489 utrasque
2548 1422 2607 1475 et
2644 1418 3109 1488 humanissimaS,
3149 1419 3209 1474 in
3250 1416 3460 1488 quibus
3495 1437 3738 1490 magnas
3763 1438 3870 1491 pro
3910 1437 4009 1475 na-

938 1539 996 1584 10
1034 1531 1170 1583 vata
1208 1545 1386 1598 opera
1424 1529 1647 1598 gratias
1687 1528 1827 1597 agit.
1867 1526 1947 1583 Et
1986 1546 2058 1583 ne
2097 1531 2234 1584 ante
2274 1546 2559 1584 carcerem
2593 1530 2844 1601 scriptas
2873 1529 3185 1598 existimes,
3217 1528 3392 1584 istum
3420 1527 3767 1597 squallorem
3796 1532 3855 1584 et
3880 1546 4009 1599 per-

1036 1638 1387 1693 secutionem
1420 1635 1579 1692 illam
1608 1636 1778 1706 (quae
1806 1637 2172 1707 potissimum
2200 1656 2234 1692 a
2266 1635 2593 1706 Scheiner0‚
2619 1635 2840 1694 Iesuita
2868 1636 3137 1708 quodam,
3164 1642 3400 1694 auctore
3427 1641 3487 1693 et
3511 1636 3854 1694 instinctore
3881 1656 4012 1710 pro—

1033 1744 1333 1819 ficiscitur)
1375 1748 1669 1818 patienter
1708 1767 1741 1803 a
1780 1767 1840 1804 se
1878 1747 2018 1804 ferri
2058 1746 2332 1805 ostendit.
2374 1747 2560 1804 Velim
2598 1747 2671 1804 ad
2711 1767 2942 1804 manum
2979 1749 3057 1805 sit
3092 1746 3340 1819 epistola
3369 1747 3495 1817 (nec
3524 1747 3674 1804 enim
3700 1748 3812 1803 iam
3843 1750 4011 1803 vacat

1035 1854 1383 1925 inquirere):
1425 1853 1813 1912 describerem
1852 1854 2051 1926 verba,
2089 1854 2345 1913 mascula
2383 1855 2646 1929 profecto
2688 1860 2747 1914 et
2786 1875 2921 1913 vere
2971 1854 3388 1928 philosophica.
3427 1854 3721 1913 Videreris
3766 1854 3876 1911 tibi
3913 1853 4010 1911 So-

1035 1969 1253 2020 cratem
1292 1963 1578 2035 quendam
1618 1965 1678 2021 in
1718 1983 1949 2023 carcere
1988 1966 2425 2022 concionantem
2469 1964 2686 2022 audire.
2737 1965 2887 2035 Quin
2936 1965 3110 2021 etiam
3148 1964 3482 2038 telescopio,
3521 1965 3856 2038 gratissimo
3894 1983 4011 2021 non

1034 2074 1221 2130 minus
1260 2094 1326 2131 ac
1364 2075 1622 2147 pretioso
1661 2094 1915 2145 munere,
1953 2075 2299 2133 transmisso
2339 2095 2501 2133 suam
2540 2076 2600 2132 in
2637 2095 2730 2132 me
2766 2073 3232 2133 benevolentiam
3270 2078 3546 2132 testatam
3583 2073 3858 2132 reddidit.

1178 2185 1497 2258 Deodatus,
1539 2204 1707 2258 quem
1748 2186 1887 2259 dixi,
1926 2188 2164 2261 scripsit
2202 2186 2276 2244 ad
2303 2207 2393 2245 me
2431 2207 2619 2258 nuper
2648 2188 2792 2244 ista:
2821 2185 3116 2244 Galilaeus
3143 2189 3359 2254 noster,
3391 2205 3580 2258 nuper
3604 2186 3861 2257 lynceus,
3887 2187 4014 2243 visu

1034 2315 1186 2352 nunc
1223 2295 1464 2354 orbatus
1505 2300 1564 2353 et
1601 2297 1833 2368 penitus
1873 2316 2075 2354 caecus
2112 2299 2529 2370 perpetuisque
2568 2296 2828 2354 tenebris
2866 2297 3187 2367 immerSUS,
3214 2297 3391 2354 vitam
3420 2295 3597 2367 ducit,
3625 2296 3766 2353 satis
3794 2301 4012 2353 cetero-

1037 2407 1191 2477 quin,
1227 2427 1335 2479 pro
1374 2410 1584 2477 aetate,
1625 2405 1933 2464 obfirmata
1973 2405 2325 2477 valetudine,
2364 2408 2556 2463 animo
2596 2407 2814 2463 invicto
2855 2407 3083 2479 corpori
3121 2407 3274 2463 vires
3311 2407 3709 2462 ministrante.

1324 2585 1388 2641 21
1431 2582 1594 2642 Iulss‘)
1641 2584 1795 2642 1638.

2385 2999 2691 3088 3771*.

1473 3214 1631 3274 UGo
1671 3214 1955 3275 GROZIO
1997 3237 2031 3275 a
2070 3216 2220 3276 (ΗΟ.
2253 3215 2687 3276 GHERARDO
2729 3216 2995 3278 VOSSIO
3037 3214 3124 3295 [in
3160 3213 3574 3293 Amsterdam].

1590 3362 1593 3364 ’
2169 3360 2414 3425 [Parigi],
2446 3363 2503 3411 31
2542 3360 2711 3425 luglio
2748 3363 2884 3412 1638.

1040 3600 1178 3646 Dalla
1210 3614 1319 3659 pag..
1339 3600 1433 3646 452
1467 3600 1739 3659 dell’opera
1771 3600 1927 3648 citata
1961 3602 2435 3651 nell’informazione
2466 3615 2712 3663 premessa
2745 3603 2792 3650 al
2824 3614 2895 3650 n.0
2930 3604 3069 3650 2947.

1326 3804 1576 3878 Scripsit
1613 3805 1688 3863 ad
1724 3827 1814 3864 me
1853 3806 2075 3881 collega
2111 3812 2248 3865 tuus
2287 3811 2376 3866 vir
2416 3810 2498 3867 Cl.
2527 3808 2824 3867 Martinus
2862 3809 3228 3882 HortensiUS‚
3269 3811 3429 3869 cuius
3477 3830 3586 3883 ego
3634 3828 3915 3867 summam
3951 3810 4012 3866 in

1040 3912 1214 3971 rebus
1254 3914 1677 3973 mathematicis
1716 3918 1986 3989 peritiam
2025 3918 2173 3975 facio
2211 3920 2460 3977 maximi.
2502 3918 2743 3978 Gaudeo
2783 3924 2844 3976 et.
2880 3921 2992 3992 ipsi
3032 3923 3091 3977 et
3126 3919 3237 3977 tibi
3284 3924 3344 3977 et
3391 3921 3601 3978 vestris
3647 3918 4011 3990 RectoribUS,

1041 4040 1182 4094 quos
1225 4023 1475 4096 epistola
1512 4026 1694 4099 ipsius
1735 4027 2013 4097 nominat,
2053 4047 2226 4085 curae
2262 4027 2442 4085 fuisse
2480 4026 2886 4086 admirandum
2920 4027 3170 4086 ‘Galilaei
3207 4034 3522 4101 repertum.
3572 4028 3787 4086 Nocuit
3823 4030 3874 4086 ei
3911 4029 4011 4097 rei,

1037 4136 1104 4189 ut
1140 4133 1339 4191 multis
1379 4133 1524 4205 aliis,
1564 4154 1743 4192 mora.
1781 4134 1988 4209 Itaque
2013 4138 2127 4194 iam
2166 4136 2241 4194 ad
2268 4136 2590 4211 Collegium
2630 4137 3064 4209 Inquisitorum,
3094 4138 3247 4210 quod
3276 4142 3365 4196 est
3390 4137 3624 4210 Romae,
3655 4136 3883 4196 delatus
3922 4141 4012 4195 est

1039 4260 1106 4297 eo
1144 4245 1392 4314 nomine,
1432 4243 1586 4314 quod
1624 4244 1732 4301 hoc
1773 4252 2161 4304 commentum
2199 4247 2507 4305 haereticis
2546 4250 2966 4322 propinaverit.
3007 4248 3150 4308 Vult
3188 4249 3413 4322 quidem
3456 4269 3584 4307 eum
3622 4247 3758 4307 Dux
3792 4248 4011 4306 Ethru-

1039 4370 1168 4407 scus
1208 4353 1267 4408 in
1306 4352 1413 4409 hac
1453 4374 1628 4411 causa
1665 4357 2011 4426 aequissima
2047 4358 2248 4427 tutari,
2289 4356 2390 4415 sed
2430 4357 2724 4430 invidiam,
2765 4357 2902 4415 dum
2942 4362 3032 4417 est
3068 4377 3285 4431 recem,
3326 4357 3615 4417 declinare
3652 4358 3794 4417 vult.
3840 4357 4013 4417 Prae-

1036 4461 1199 4514 terea
1237 4460 1373 4516 solis
1412 4460 1487 4517 ad
1524 4462 1721 4519 Iovem
1758 4464 2166 4536 propinquitas
2205 4484 2431 4523 menses
2471 4470 2600 4524 octo
2639 4469 2742 4523 aut
2781 4465 3030 4539 amplius
3068 4466 3244 4523 faciet
3280 4467 3515 4524 inutiles
3555 4466 4011 4541 contemplandis

1041 4565 1351 4623 Curetibus
1391 4566 1503 4625 illis
1542 4579 1636 4627 τοῦ
1673 4577 1794 4642 Διὸς
1826 4585 2262 4645 περιχορευταῖς.
2300 4573 2507 4645 Itaque
2546 4571 2781 4631 videtur
2804 4572 2910 4630 has
2945 4573 3018 4631 ob
3055 4593 3257 4630 causas
3286 4572 3668 4631 differendum
3696 4575 3755 4631 in
3781 4575 4010 4647 tempus

1037 4674 1271 4747 aliquod
1310 4676 1379 4733 D.
1409 4677 1709 4735 Hortensii
1744 4681 1886 4752 iter-3
1928 4698 2042 4751 qua
2081 4680 2152 4738 de
2189 4701 2253 4737 re
2292 4681 2366 4738 ad
2394 4684 2582 4754 ipsum
2610 4681 2922 4738 scriberem
2948 4681 3341 4752 Hortensium,
3369 4683 3480 4738 nisi
3509 4687 3568 4740 et
3597 4701 3749 4739 nunc
3775 4702 4011 4756 respon-

942 4796 1002 4842 10
1040 4784 1291 4843 dendum
1332 4785 1607 4845 haberem
1643 4788 1831 4846 literis
1870 4789 2153 4863 plurimiS,
2195 4795 2253 4847 et
2292 4791 2366 4848 ad
2403 4791 2779 4849 Hortensium
2822 4791 3106 4848 scriberet
3143 4791 3211 4849 D.
3241 4791 3602 4863 AdeodatUS,
3640 4792 3737 4864 qui
3762 4792 3902 4849 mihi
3940 4792 4013 4850 ad

1041 4894 1191 4952 hanc
1211 4916 1332 4954 rem
1356 4895 1530 4971 longe
1558 4897 2088 4972 splendidissimam
2116 4902 2569 4975 promovendam
2598 4902 2881 4975 impulsor
2908 4905 3173 4975 primum,
3201 4902 3412 4961 deinde
3438 4903 3689 4975 adiutor,
3726 4904 3853 4962 fuit..
3882 4903 4012 4976 Ego

1042 5025 1384 5078 quacunque
1422 5012 1593 5080 parte
1632 5008 1827 5067 studia
1867 5014 1925 5068 et
1963 5013 2195 5082 generis
2234 5010 2473 5069 humani
2511 5013 2798 5070 utilitates
2840 5032 3181 5084 promovere
3230 5017 3452 5085 potero,
3490 5013 3695 5071 faciam
3736 5013 3794 5070 id
3822 5016 4012 5071 animo

1042 5114 1456 5174 volentissimo.
1480 5163 1489 5174 .
1513 5165 1520 5172 .
1543 5163 1553 5174 .

2357 5272 2555 5280 -—-——-‡-----
2560 5275 2620 5280 ----
2936 5275 2989 5279 -——
3112 5275 3181 5279 —-—
3437 5275 3445 5278 ιν
3534 5276 3550 5280 -
3639 5275 4007 5282 b———v-—oe-—m

1183 5359 1235 5397 ιη
1271 5362 1367 5409 cfr.
1400 5374 1471 5409 ,Lo
1504 5364 1642 5411 3257,
1726 5342 1729 5346 ⁴
2725 5366 2778 5404 (υ
2816 5369 2909 5415 cfr.
2943 5380 3014 5415 n.0
3048 5369 3185 5415 3322.

1183 5440 1234 5478 ‘2³
1269 5442 1549 5491 Bnivmumo
1585 5447 1831 5492 Euenum.
2725 5446 2778 5483 (5)
2814 5450 2871 5494 Di
2906 5450 3018 5496 stile
3051 5449 3276 5505 giuliano.

1182 5521 1233 5561 (3)
1271 5524 1364 5572 cfr.
1399 5536 1470 5573 n.0
1503 5527 1642 5573 2966.
