5400 6817
1024 695 1263 780 [3603]
2146 702 2218 764 21
2267 711 2665 765 NOVEMBRE
2711 703 2881 765 1637.
3873 703 3993 764 223

1021 865 1158 936 quin
1196 864 1583 925 Illustrissimi
1623 870 1680 925 et
1716 865 2076 941 Amplissimi
2114 868 2294 927 vestri
2334 867 2581 928 Ordines
2622 872 2681 928 et
2719 868 2998 928 Consules
3039 888 3144 942 per
3182 889 3243 928 se
3284 868 3430 943 (tum
3470 866 3793 928 redimendi
3852 873 3996 927 tem-

1020 977 1194 1049 poris,
1222 982 1347 1034 tum
1374 977 1863 1037 sublevandorum
1901 978 2436 1039 Illustrissimorum
2476 980 2759 1040 Ordinum
2797 979 3168 1040 Generalium
3205 982 3523 1039 innumeris
3552 986 3611 1039 et
3641 980 3998 1040 instantibus

1020 1085 1148 1144 aliis
1187 1090 1461 1162 negociis,
1493 1090 1712 1163 gratia)
1751 1092 2019 1163 protinus
2059 1090 2130 1149 de
2168 1095 2271 1150 tuo
2311 1091 2388 1149 ad
2425 1111 2556 1151 eum
2592 1093 2802 1150 itinere
2842 1095 3125 1166 statuant,
3165 1096 3224 1150 et
3262 1093 3555 1166 impensas
3593 1091 3669 1149 ad
3705 1091 3766 1149 id
3803 1110 3998 1149 neces-

922 1206 985 1253 20
1021 1197 1222 1269 sarias,
1251 1198 1437 1271 qualis
1464 1219 1663 1258 eorum
1689 1204 1779 1258 est
1803 1201 1863 1258 in
1890 1201 2066 1261 rebus
2093 1203 2322 1275 magnis
2351 1201 2538 1261 elatus
2565 1203 2808 1276 animus,
2835 1200 3103 1262 munifice
3131 1202 3238 1262 tibi
3264 1202 3725 1274 subministrent,
3753 1220 3997 1274 quarum

1022 1306 1231 1366 deinde
1270 1311 1331 1368 in
1369 1310 1863 1370 contributionum
1904 1313 2268 1387 publicarum
2306 1314 2651 1387 rationibus,
2684 1314 2865 1373 veluti
2903 1316 2964 1373 in
3000 1334 3122 1373 rem
3161 1335 3269 1388 pro
3308 1313 3461 1373 bono
3497 1312 3730 1387 pub¹ico
3769 1312 3842 1371 ab
3881 1312 3995 1371 illis

1022 1424 1412 1495 erogatarum,
1454 1422 1896 1482 subductionem
1934 1426 2150 1484 ineant.
2192 1424 2357 1497 Quod
2395 1445 2500 1485 nec
2540 1428 2663 1485 sine
2703 1424 2966 1500 exemplo
3005 1425 3089 1498 (id
3118 1427 3269 1484 enim
3296 1424 3370 1484 ab
3397 1427 3466 1483 iis
3494 1424 3638 1484 alias
3665 1425 3997 1484 factitatum

1022 1552 1147 1589 esse
1186 1532 1374 1607 audio,
1407 1535 1467 1591 in
1505 1536 1856 1608 urgentibus
1897 1535 2133 1609 scilicet,
2166 1537 2353 1609 qualis
2391 1536 2534 1596 haec
2575 1541 2681 1610 est,
2708 1537 3132 1611 occasionibus)
3170 1558 3290 1610 nec,
3320 1535 3496 1596 dubio
3533 1537 3752 1611 procul,
3780 1536 3998 1609 absque

1021 1642 1552 1703 Illustrissimorum
1595 1646 1879 1704 Ordinum
1919 1647 2291 1707 Generalium
2331 1648 2806 1722 comprobatione
2837 1648 3023 1721 fieret,
3050 1669 3225 1721 quum
3263 1651 3492 1707 vestrae
3518 1652 3640 1706 tum
3668 1649 4000 1722 provinciae

1019 1756 1145 1811 tum
1184 1754 1344 1814 urbis
1386 1758 1445 1813 in
1483 1755 1658 1815 rebus
1692 1775 1839 1829 quae
1867 1757 1936 1816 ad
1968 1778 2267 1817 commune
2296 1760 2550 1817 omnium
2577 1757 3011 1818 foederatarum
3038 1757 3252 1818 bonum
3280 1759 3580 1832 pertinent
3606 1778 3673 1817 ea
3699 1759 3776 1817 sit
3802 1760 3999 1818 aucto-

1018 1867 1180 1937 ritas,
1221 1869 1288 1922 ut
1326 1866 1556 1925 illorum
1595 1870 1941 1942 sententiae,
1979 1873 2254 1942 tanquam
2297 1871 2740 1943 sapientissimis
2779 1870 3046 1941 decretiS,
3084 1870 3343 1942 reliquae
3383 1889 3580 1927 omnes
3618 1868 3999 1928 libentissime

1018 1978 1405 2051 acquiescant,
1443 1980 1741 2053 multoque
1778 1983 1964 2054 magis
2003 2002 2066 2041 re
2107 1982 2178 2039 ab
2215 1983 2285 2040 iis
2323 1981 2648 2055 prudenter
2688 1984 2956 2056 preavisa
2995 1987 3055 2040 et
3092 1982 3320 2040 utiliter
3358 1985 3613 2054 peracta,
3652 1982 3712 2038 in
3756 1979 3997 2054 negocio

1017 2091 1380 2162 praesertim,
1411 2091 1580 2163 quale
1618 2091 1726 2150 hoc
1767 2097 1871 2164 est,
1900 2093 2151 2165 nauticO,
2182 2112 2248 2152 eo
2289 2092 2443 2165 quod
2482 2095 2541 2151 in
2578 2093 2737 2152 111666
2774 2093 3034 2151 unanimi
3073 2094 3325 2151 omnium
3367 2112 3653 2151 consensu
3691 2112 3835 2165 prae
3869 2090 3997 2149 aliis

1016 2201 1330 2273 provinciis
1352 2201 1699 2261 Hollandiae
1727 2204 2077 2277 provinciae,
2101 2205 2401 2278 ipsiusque
2425 2206 2764 2264 nominatim
2790 2204 3349 2263 Amstelodamensis
3370 2204 3638 2277 civitatis,
3660 2204 3996 2278 potissimae

921 2319 982 2366 30
1020 2311 1139 2367 sint
1174 2312 1456 2370 rationes:
1484 2314 1697 2385 sicque,
1722 2312 1901 2387 longo
1929 2313 2044 2386 illo,
2075 2332 2185 2386 quo
2212 2313 2551 2388 terrebaris,
2578 2316 2825 2373 circuitu
2850 2318 3128 2388 resecatO,
3157 2312 3361 2373 obviae
3387 2333 3586 2372 omnes
3625 2312 3996 2372 difficultates

1018 2441 1052 2478 a
1090 2427 1148 2479 te
1185 2423 1652 2497 superabuntur3
1696 2428 1756 2482 et
1792 2425 1840 2482 si
1879 2424 1987 2483 hoc
2023 2426 2257 2483 hiemali
2296 2428 2560 2500 tempore
2587 2426 2646 2483 id
2673 2447 2708 2484 a
2734 2429 2794 2484 te
2820 2425 3175 2500 perficiatur,
3204 2428 3364 2498 satis,
3391 2431 3458 2483 ut
3488 2446 3676 2499 sperO,
3705 2445 3994 2499 superque

1016 2531 1233 2590 factum
1274 2536 1401 2593 erit.
1440 2534 1723 2594 Dominus
1764 2537 1915 2595 enim
1954 2535 2249 2596 Galilaeus
2289 2558 2415 2598 sese
2454 2538 2737 2611 paulatim
2769 2537 2956 2597 reficit
2984 2540 3042 2596 in
3071 2538 3309 2611 diesque
3335 2539 3488 2598 vires
3515 2539 3775 2610 resumit,
3804 2539 3995 2596 animo

1017 2643 1137 2698 eius
1178 2643 1393 2700 invicto
1433 2645 1662 2716 corpori
1701 2646 1959 2717 vigorem
1999 2647 2408 2720 ministrante,
2449 2648 2532 2705 ita
2569 2650 2636 2705 ut
2675 2649 2899 2721 sperari
2940 2649 3141 2720 possit,
3183 2647 3307 2706 fore
3345 2650 3413 2704 ut
3450 2648 3687 2705 ineunte
3732 2648 3996 2721 proximo

1017 2772 1152 2810 vere
1189 2754 1273 2810 rei
1311 2752 1458 2812 bene
1497 2755 1788 2828 gerendae
1830 2759 2241 2830 opportunitas
2282 2757 2471 2816 adhuc
2511 2761 2743 2833 integra
2780 2758 2891 2817 tibi
2940 2760 3018 2816 sit
3064 2759 3280 2818 futura.
3330 2758 3520 2830 Quare
3558 2760 3830 2831 gnaviter
3875 2778 3995 2816 rem

1017 2883 1306 2935 promove,
1347 2884 1551 2938 meque
1591 2865 1662 2924 de
1702 2886 1971 2925 successu
2009 2869 2315 2927 certiorem
2353 2867 2549 2927 facitO.

1159 2976 1431 3036 Ceterum
1470 2984 1763 3053 optassem
1809 2984 1894 3053 ut,
1937 2981 2091 3054 quod
2145 2981 2628 3042 antecedentibus
2681 2983 2822 3041 meis
2874 2982 2984 3041 tibi
3036 2981 3303 3055 indicavi,
3345 2983 3711 3056 simpaticum
3762 2980 3996 3055 aliquod

1016 3087 1262 3146 officium
1301 3092 1520 3163 optimo
1558 3096 1760 3149 nostro
1799 3093 1922 3149 seni
1960 3113 2067 3166 pro
2106 3092 2438 3151 miserando
2478 3096 2599 3152 eius
2641 3114 2792 3166 casn,
2821 3095 2939 3152 suis
2980 3093 3165 3152 literis
3205 3093 3350 3153 adeo
3383 3093 3600 3153 diserte
3626 3093 3789 3153 vobis
3817 3114 3989 3167 expo-

1014 3200 1142 3271 sito,
1172 3198 1547 3260 exhibuisses.
1575 3201 1741 3259 Iners
1769 3203 1920 3259 enim
1949 3202 2019 3260 de
2048 3223 2114 3262 eo
2141 3203 2436 3261 silentium
2474 3213 2769 3276 ἀπάθειαν,
2808 3203 3083 3262 cordatae
3123 3223 3293 3277 quam
3333 3224 3473 3278 erga
3512 3203 3671 3262 illum
3698 3203 3991 3278 profiteris

1013 3311 1301 3367 amicitiae
1337 3311 1496 3370 nullo
1534 3311 1706 3370 modo
1747 3315 2201 3386 convenientem,
2234 3313 2471 3386 indicat,
2498 3316 2734 3387 eiusque
2772 3314 3059 3387 fiduciam,
3088 3294 3263 3374 toties
3302 3336 3337 3373 6
3372 3319 3431 3372 te
3470 3315 3554 3372 illi
3593 3313 3805 3386 datam,
3833 3314 3989 3373 haud

916 3432 977 3478 40
1015 3420 1189 3478 dubie
1229 3427 1493 3495 enervat3
1532 3423 1832 3494 futurique
1870 3426 2051 3483 vestri
2092 3424 2363 3497 colloquii
2402 3445 2507 3498 per
2543 3425 2744 3484 literas
2772 3427 2953 3499 ipsius
2978 3427 3201 3499 negotii
3226 3425 3638 3499 patefactionis
3666 3427 3992 3499 expositum

1013 3529 1284 3602 fructum,
1325 3552 1397 3588 ex
1444 3549 1556 3604 quo
1601 3537 1797 3590 tamen
1849 3535 2034 3592 omnis
2087 3553 2193 3607 per
2241 3537 2303 3591 te
2349 3535 2596 3607 posthac
2648 3534 2989 3609 perficiendi
3040 3538 3267 3610 negocii
3307 3556 3438 3609 spes
3479 3536 3713 3610 pendet,
3749 3537 3881 3595 vide
3919 3557 3990 3595 ne

1014 3641 1250 3698 minuat.
1289 3641 1437 3700 Vide
1476 3643 1649 3700 etiam
1690 3663 1760 3700 ne
1798 3643 1969 3702 nimis
2008 3644 2290 3703 hactenus
2332 3644 2575 3704 dilatum
2617 3646 2772 3705 omni
2813 3666 2896 3719 ea,
2931 3664 3101 3719 quam
3142 3648 3508 3706 convenienti
3544 3652 3808 3721 tempore
3838 3646 3994 3705 exhi-

1010 3750 1197 3809 bitum
1235 3755 1636 3826 promovisset,
1677 3755 1873 3827 gratia
1912 3754 2100 3815 cadat.
2141 3756 2529 3829 Quapropter,
2569 3760 2653 3830 ut,
2693 3757 2968 3816 decenter
3007 3757 3111 3817 abs
3148 3763 3208 3817 te
3248 3758 3332 3816 illi
3371 3756 3649 3831 oblatum,
3683 3762 3994 3833 gratanter

1011 3861 1084 3917 ab
1126 3882 1191 3920 eo
1231 3865 1569 3936 excipiatur,
1607 3866 1969 3923 necesse'est
2009 3884 2182 3938 quam
2222 3868 2485 3925 ocissime
2523 3867 2583 3925 id
2621 3870 2924 3926 maturari.

1154 3972 1507 4047 Gassendus,
1552 3977 1800 4049 privatis
1851 3979 2102 4050 negotiis
2152 3977 2468 4051 impeditus
2491 3977 2559 4051 (1),
2600 3978 2961 4050 meditatum,
3003 3978 3073 4036 de
3114 3996 3226 4051 quo
3266 3978 3342 4037 ad
3379 3984 3438 4038 te
3478 3980 3841 4052 scripseram,
3880 3981 3994 4038 iter

1010 4083 1339 4155 intermisit,
1359 4086 1615 4143 incertus
1644 4107 1718 4144 an
1745 4090 1804 4144 et
1831 4087 2079 4159 quando,
2100 4088 2357 4146 nondum
2386 4089 2600 4162 quippe
2627 4109 2690 4147 re
2717 4092 2975 4163 peracta,
2997 4089 3056 4146 in
3083 4092 3380 4163 posterum
3409 4087 3469 4145 id
3496 4090 3572 4147 sit
3598 4095 3991 4163 suscepturus.

1150 4194 1356 4268 Elapsi
1395 4199 1606 4255 mensis
1647 4197 1916 4255 Octobris
1957 4199 2050 4257 die
2089 4199 2311 4258 decima
2351 4200 2425 4258 ad
2463 4204 2523 4258 te
2565 4203 2771 4275 scripsi
2796 4201 2866 4273 (²),
2908 4206 2967 4258 et
3020 4206 3156 4259 ante
3209 4200 3523 4272 octiduum,
3562 4220 3666 4273 per
3715 4201 3990 4259 Ioannem

1010 4303 1332 4362 Vanleiden
1368 4310 1687 4364 vestratem
1723 4306 2112 4380 tabellarium,
2153 4308 2409 4366 Bulialdi
2448 4309 2802 4382 fasciculum,
2844 4312 2904 4368 in
2942 4328 3054 4382 quo
3095 4312 3216 4369 eius
3258 4314 3347 4367 est
3384 4309 3615 4368 libellus
3654 4309 3741 4368 De
3780 4316 3992 4368 natura

1007 4412 1151 4470 lucis
1176 4412 1225 4458 (³)
1266 4413 1340 4470 ab
1379 4435 1444 4473 eo
1470 4415 1579 4473 tibi
1606 4415 1854 4488 oblatus,
1884 4416 1959 4474 ad
1984 4421 2044 4475 te
2073 4419 2218 4476 misi.
2248 4418 2523 4476 Proxima
2548 4418 2933 4490 hebdomada,
2962 4423 3257 4477 annuente
3284 4417 3426 4490 De0,
3455 4417 3530 4476 ad
3555 4417 3989 4477 Nobilissimum

911 4534 972 4580 50
1009 4523 1339 4596 Hugenium
1383 4525 1647 4598 scribam,
1686 4526 2020 4600 literasque,
2062 4546 2203 4600 quas
2244 4549 2397 4586 nunc
2435 4549 2541 4603 per
2589 4536 2820 4604 tempus
2869 4550 3111 4588 exarare
3159 4550 3276 4588 non
3321 4529 3501 4601 licuit,
3540 4527 3624 4585 illi
3672 4528 3987 4588 tradendas

1009 4633 1083 4690 ad
1119 4638 1179 4692 te
1218 4637 1462 4694 mittam.
1502 4636 1867 4709 Responsum
1905 4642 2070 4696 tuum
2115 4638 2188 4696 ad
2226 4639 2375 4698 hanc
2413 4661 2598 4699 meam
2640 4642 2809 4699 anxie
2849 4641 3188 4714 expectabo.
3276 4640 3435 4699 Vale.

1291 4773 1547 4846 Parisiis,
1588 4776 1655 4831 21
1695 4773 1973 4833 Novemb.
2017 4778 2170 4835 1637.

1153 4922 1224 4968 19.
1259 4923 1370 4968 aliis
1409 4925 1611 4984 nequitiis·
1641 4925 1983 4983 implicitun-um,
2017 4926 2188 4986 qratia,
2223 4939 2249 4972 o
2276 4950 2329 4958 -
2358 4927 2525 4973 19—20.
2561 4927 2624 4973 ad
2659 4928 2711 4973 id
2746 4928 3091 4988 conficiendum,
3125 4929 3291 4989 qualis,
3328 4941 3353 4973 o
3380 4951 3433 4959 --
3461 4928 3534 4974 30.
3569 4928 3701 4989 {02290
3733 4928 3830 4987 illo,
3864 4944 3989 4989 quem

1007 5006 1241 5056 metuebas,
1275 5006 1486 5061 circuitu,
1517 5021 1542 5053 Ο
1562 5033 1620 5040 —-
1643 5008 1717 5052 31.
1751 5007 1804 5052 icl
1838 5007 1901 5052 ad
1935 5018 1973 5054 te
2000 5010 2291 5069 perficiatur,
2326 5008 2372 5063 f;
2408 5009 2461 5054 id
2495 5028 2525 5055 α
2558 5020 2597 5055 te
2624 5012 2915 5071 perficiatur,
2942 5023 2966 5056 o
2987 5012 3143 5058 -33.
3176 5012 3244 5055 ita
3279 5019 3328 5055 ut
3359 5011 3419 5055 eit
3450 5012 3710 5065 verisimile,
3731 5011 3858 5070 fore,
3882 5024 3908 5056 ο
3932 5037 3986 5046 --

1008 5088 1081 5133 34.
1111 5089 1193 5132 tibi
1226 5090 1285 5132 sit
1317 5105 1548 5136 mamma.
1575 5090 1739 5144 Quare,
1766 5103 1790 5135 o
1816 5117 1867 5122 —
1888 5093 2105 5150 yraviter,
2140 5091 2185 5145 f;
2219 5094 2441 5151 ynavitem
2468 5106 2492 5138 Ο
2516 5118 2570 5124 —
2591 5094 2760 5138 36-44.
2785 5094 2957 5138 Manca
2992 5093 3040 5137 in
3077 5110 3132 5149 o;
3167 5094 3240 5139 37.
3266 5095 3360 5138 cuis
3385 5094 3515 5138 libris
3536 5092 3665 5147 adeo,
3689 5093 3734 5149 f;
3761 5093 3837 5140 39.
3861 5095 3989 5139 toties

1007 5170 1070 5213 ud
1103 5179 1142 5213 te
1174 5171 1263 5223 illi,
1298 5170 1397 5231 f†—
1421 5172 1496 5216 45.
1530 5174 1724 5231 neyotiie
1750 5174 2066 5231 praepeditus,
2102 5174 2380 5227 meditatum,
2418 5188 2443 5218 ο
2467 5200 2525 5208 -—
2548 5177 2626 5221 46.
2660 5186 2699 5219 et
2734 5176 2919 5235 quando
2957 5192 3045 5234 per
3087 5178 3174 5220 illa
3220 5173 3440 5236 (nondum
3487 5178 3655 5235 quippe
3692 5179 3900 5236 peracta)
3935 5179 3987 5221 in

999 5260 1244 5309 posterum,
1279 5265 1304 5297 o
1332 5280 1385 5286 -—
1412 5253 1484 5299 51.
1520 5254 1643 5310 Vale,
1678 5255 1760 5299 Vir
1798 5253 2075 5307 Clarissima
2110 5269 2135 5301 o
2163 5280 2216 5287 —
2243 5256 2315 5300 52.
2353 5256 2407 5300 In
2431 5257 2471 5314 f
2498 5257 2546 5303 la
2579 5257 2694 5303 data
2729 5257 2753 5302 ὸ
2786 5257 3008 5303 tradotta
3041 5258 3090 5303 in
3125 5257 3328 5303 italiano
3364 5271 3388 5303 e
3420 5258 3617 5316 portata
3650 5259 3698 5304 in
3740 5272 3855 5317 capo
3891 5258 3987 5304 alla

1003 5334 1195 5379 lettera.
1222 5361 1274 5366 -—

1150 5485 1200 5522 ‹1›
1239 5488 1333 5533 cst,
1367 5500 1437 5535 n.0
1471 5490 1609 5535 3577,
2692 5491 2743 5530 (3)
2781 5493 2874 5539 Cfr.
2910 5502 2978 5538 n.0
3013 5494 3148 5540 3588.

1145 5565 1197 5605 (Ξ)
1235 5568 1327 5614 Cfr.
1363 5580 1432 5616 n.0
1468 5570 1603 5617 3574.
