5400 6817
998 712 1231 800 [3470]
2195 718 2270 780 27
2315 727 2586 781 APRILE
2632 716 2783 780 1637
2793 765 2805 778 .
3904 716 3979 777 69

900 894 960 942 70
999 882 1140 941 dicis
1180 885 1239 940 et
1276 903 1405 941 cum
1443 902 1508 941 eo
1546 883 1608 941 in
1645 889 1946 958 posterum
1984 886 2243 942 tractare
2269 887 2452 956 vetas,
2480 882 2726 942 candide
2755 881 2985 955 quidem
3015 883 3172 956 agis3
3202 880 3303 939 sed
3333 879 3502 939 crede
3529 879 3665 938 mihi
3696 880 3833 953 (nisi
3859 878 3985 951 ipse

997 992 1256 1052 Galilaeo
1294 995 1736 1068 transcripseris
1777 993 1916 1067 quid
1955 995 2033 1053 sit
2070 996 2288 1065 actum)
2328 994 2551 1053 nullum
2584 994 2718 1052 hinc
2745 992 3119 1052 metuendum
3149 991 3474 1051 discrimen.
3516 989 3814 1051 Posterius
3843 988 3988 1049 illud

998 1103 1257 1176 spondeo
1295 1124 1411 1163 non
1452 1105 1747 1176 futurum3
1790 1107 1952 1178 prius
1992 1104 2215 1163 nullum
2253 1105 2434 1163 infert
2484 1104 2919 1178 praeiudicium.
2962 1103 3245 1175 Quicquid
3298 1102 3565 1160 Morinus
3618 1101 3689 1159 D.
3729 1100 3988 1160 Galilaeo

997 1212 1273 1285 invideat,
1313 1214 1591 1287 quicquid
1641 1218 1794 1273 circa
1844 1215 2039 1274 lunam
2093 1216 2381 1288 moliatur,
2422 1215 2571 1274 nihil
2617 1235 2869 1288 unquam
2913 1214 3070 1287 apud
3109 1235 3213 1273 nos
3244 1213 3573 1293 ⁴obtinebit3
3615 1217 3673 1271 et
3709 1217 3778 1271 ut
3814 1210 3991 1270 semel

1001 1325 1148 1382 scias
1202 1343 1349 1397 quae
1402 1327 1479 1384 sit
1533 1324 1689 1399 apud
1740 1325 2173 1385 illustrissimos
2228 1326 2475 1385 Ordines
2528 1326 2597 1385 D.
2628 1326 2873 1385 Galilaei
2925 1326 3295 1397 existimatiO,
3337 1345 3445 1398 ego
3486 1330 3544 1382 et
3580 1322 3991 1382 Nob.Realius

1003 1433 1303 1508 hucusque
1339 1455 1459 1493 rem
1503 1435 1899 1508 perduximus,
1931 1440 1997 1494 ut
2036 1439 2084 1494 si
2127 1437 2215 1494 vel
2255 1442 2485 1495 centum
2527 1438 2624 1494 alii
2665 1457 2793 1494 cum
2835 1436 3033 1494 eadem
3075 1440 3177 1493 aut
3216 1435 3385 1492 simili
3424 1435 3759 1492 inventione
3798 1432 3992 1506 prodi-

1006 1551 1158 1618 rent,
1198 1547 1604 1606 Nobilissimus
1655 1549 1746 1606 vir
1796 1568 1886 1606 me
1937 1549 2103 1621 quasi
2156 1568 2545 1606 successorem
2587 1547 2696 1606 sibi
2738 1548 3057 1618 constituit,
3096 1550 3164 1603 ut
3200 1547 3454 1603 minutas
3491 1543 3991 1616 hallucinationes„

1012 1677 1156 1729 quae
1196 1656 1387 1715 adhuc
1425 1658 1665 1715 invento
1705 1657 2023 1715 adhaerere
2062 1661 2322 1731 possent,
2356 1677 2624 1715 successu
2664 1657 2944 1730 temporis
2985 1654 3370 1725 emendarem,
3403 1653 3473 1711 de
3512 1672 3624 1725 quo
3662 1652 3994 1710 nullatenus

1010 1768 1274 1841 despero,
1306 1766 1481 1825 Vides
1522 1788 1679 1841 ergO,
1709 1769 1924 1842 optime
1962 1767 2244 1840 Deodate,
2271 1768 2493 1826 nullum
2536 1788 2660 1825 esse
2699 1765 3076 1825 metuendum
3114 1764 3186 1824 D.
3214 1764 3473 1824 Galilaeo
3513 1763 3787 1822 damnum
3827 1783 3898 1820 ex
3928 1781 3994 1819 eo

1010 1878 1165 1952 quod
1202 1880 1460 1938 inventio
1499 1881 1621 1937 eius
1662 1880 1775 1937 iam
1815 1879 2079 1952 pluribus
2118 1881 2461 1938 innotuerit.

912 2001 974 2047 80
1157 1988 1542 2062 Conquereris
1589 2009 1781 2062 porr0,
1823 1988 1977 2061 quod
2030 2010 2063 2048 a
2118 1991 2372 2062 quinque
2426 1987 2720 2046 mensibus
2772 1986 2995 2046 nullum
3048 1987 3278 2060 signum
3333 1987 3596 2044 extiterit
3646 1984 3996 2043 honorificae

1014 2100 1365 2172 receptionis
1403 2101 1624 2157 inventi
1655 2098 1978 2157 Galilaeani
2007 2103 2065 2157 et
2092 2099 2323 2157 debitae
2349 2098 2748 2173 gratitudinis.
2788 2098 2940 2155 Illud
2966 2099 3221 2171 negociis
3250 2095 3320 2154 D.
3347 2096 3533 2154 Realii
3572 2100 3632 2154 et
3668 2095 3998 2154 lllustrissi-

1015 2229 1239 2268 morum
1279 2208 1562 2268 Ordinum
1599 2212 1661 2268 in
1697 2210 1787 2268 his
1826 2209 2114 2269 bellorum
2150 2209 2499 2268 tumultibus
2540 2208 3006 2279 adscribendum,
3040 2228 3156 2267 non
3195 2208 3487 2281 neglectui
3516 2212 3617 2264 aut
3644 2206 4001 2279 contemptui

1018 2318 1332 2378 offerentis
1383 2318 1514 2393 Ego
1568 2340 1806 2394 operam
1846 2325 1937 2379 sat
1977 2326 2274 2379 strenuam
2328 2322 2553 2391 navavi,
2592 2324 2660 2378 ut
2698 2320 2869 2378 citius
2910 2320 2959 2376 ei
2998 2317 3484 2391 responderetur-3
3526 2315 3628 2374 sed
3667 2314 3805 2389 quid
3843 2315 4000 2374 solus

1019 2429 1299 2503 possum?
1341 2430 1522 2487 Velim
1561 2432 1745 2504 igitur
1784 2453 1889 2506 per
1925 2438 1986 2490 te
2024 2431 2222 2490 Nobili
2262 2433 2383 2491 viro
2423 2431 2756 2505 significari,
2792 2432 2985 2489 omnia
3020 2435 3178 2488 recte
3219 2450 3280 2488 se
3317 2429 3591 2486 habitura
3618 2434 3678 2486 et
3702 2427 4002 2502 praeclare

1021 2536 1453 2598 Illustrissimos
1494 2539 1742 2599 Ordines
1793 2543 1913 2600 eius
1960 2542 2192 2601 labores
2231 2549 2725 2615 remuneraturos,
2766 2542 2941 2615 idque
2981 2562 3148 2615 quam
3191 2542 3459 2616 primum,
3497 2542 3630 2614 quia
3668 2540 3740 2599 D.
3768 2540 4002 2599 Realius

1022 2648 1251 2724 Hagam
1294 2650 1592 2724 profectus
1643 2656 1732 2711 est
1777 2647 1844 2711 ut
1888 2656 2187 2727 negotium
2229 2653 2512 2713 absolvat.
2552 2654 2711 2712 Haec
2751 2659 2888 2728 peto
2928 2658 2994 2712 ut
3032 2654 3204 2711 etiam
3244 2652 3645 2711 Illustrissimo
3686 2651 3890 2710 Grotio
3929 2652 4004 2709 si-

1022 2762 1280 2835 gnificeS,
1310 2768 1368 2820 et
1405 2764 1828 2823 Excellentiam
1869 2786 2032 2824 suam
2069 2786 2241 2839 roges
2268 2786 2343 2824 ne
2369 2786 2530 2840 spem
2571 2766 2830 2839 deponat
2854 2770 2955 2823 aut
2979 2764 3130 2821 male
3157 2763 3229 2820 de
3252 2783 3343 2820 me
3370 2765 3678 2833 ominetur,
3706 2760 4006 2818 Mersenni

1018 2877 1132 2931 *aut
1169 2872 1384 2931 Morini
1424 2894 1597 2933 causa
1634 2879 1738 2933 aut
1777 2876 1849 2934 ob
1888 2876 2038 2934 hanc
2078 2876 2610 2935 Illustrissimorum
2662 2875 2943 2935 Ordinum
2999 2874 3353 2933 tarditatem.
3392 2874 3485 2932 Ab
3539 2875 3608 2932 iis
3661 2874 3809 2931 enim
3863 2871 4009 2929 nihil

1025 2982 1436 3057 metuendum3
1490 2984 1561 3042 de
1611 2984 1720 3043 hac
1770 2985 2211 3045 Illustrissimus
2261 2989 2384 3059 ipse
2423 2988 2512 3045 vir
2548 2986 2733 3044 multo
2773 2987 2987 3044 certius
3028 3003 3198 3057 quam
3239 3004 3348 3057 ego
3387 2986 3582 3058 potest
3618 2981 3892 3053 iudicare,
3932 2979 4003 3038 ob

922 3107 985 3155 90
1023 3097 1283 3154 rationes
1324 3101 1514 3154 status
1554 3100 1742 3156 nostri
1783 3101 2015 3172 penitus
2055 3098 2167 3157 sibi
2206 3103 2563 3173 perspectas,

1166 3206 1253 3264 De
1291 3206 1542 3280 Morino,
1580 3214 1648 3267 ut
1683 3210 1793 3270 hoc
1843 3210 2032 3269 adhuc
2085 3209 2313 3281 addam,
2354 3210 2658 3282 quominus
2713 3210 2791 3267 sis
2846 3206 3147 3278 sollicitUS,
3185 3204 3336 3265 habe
3388 3207 3693 3276 utriusque
3744 3206 4008 3262 nostrum

1022 3317 1221 3389 verba,
1248 3321 1366 3375 tam
1396 3338 1467 3376 ex
1494 3319 1680 3379 literis
1710 3322 1849 3379 meis
1890 3342 2061 3393 quam
2100 3342 2171 3379 ex
2211 3323 2333 3379 eius
2373 3321 2768 3395 responsione.
2808 3319 2938 3393 Ego
2977 3320 3058 3376 sic
3098 3319 3337 3391 scripsi:
3379 3315 3673 3374 Galilaeus
3712 3316 4011 3373 inventum

1025 3446 1192 3485 suum
1232 3429 1490 3486 nondum
1533 3431 1815 3504 exhibuit,
1842 3432 1944 3490 sed
1981 3437 2214 3490 tantum
2254 3431 2328 3490 ad
2364 3431 2799 3490 Illustrissimos
2839 3429 3086 3489 Ordines
3114 3429 3365 3501 scripsit,
3392 3446 3453 3485 se
3479 3447 3585 3501 per
3608 3430 3801 3485 motus
3826 3425 4013 3484 Iovia-

1023 3537 1181 3610 lium,
1220 3536 1500 3597 beneficio
1537 3539 1838 3614 telescopii
1878 3541 2237 3609 observatos⁷
2276 3540 2676 3615 longitudines
2717 3541 2974 3598 locorum
3014 3539 3162 3596 velle
3201 3538 3528 3610 inquirere,
3580 3535 3680 3593 ubi
3730 3537 4014 3608 requisita

1027 3649 1219 3707 omnia
1255 3649 1424 3707 nobis
1463 3654 1871 3725 transmiserit,
1913 3652 1987 3712 ad
2027 3653 2248 3712 coelum
2287 3673 2354 3711 ea
2396 3651 2787 3726 probabimus,
2828 3656 2903 3723 et,
2943 3652 2991 3708 si
3029 3650 3184 3708 bona
3221 3652 3357 3720 sint,
3395 3653 3580 3706 totam
3619 3649 4010 3705 inventionem

1027 3760 1303 3819 faciemus
1340 3762 1560 3836 publici
1598 3765 1759 3823 iuris
1799 3765 1932 3840 Ipse
1968 3764 2277 3839 respondit
2315 3765 2422 3824 hoc
2461 3763 2663 3823 modo:
2707 3763 3050 3837 Pergratum
3092 3762 3231 3820 mihi
3271 3761 3475 3831 fecisti,
3506 3759 3658 3833 quod
3687 3781 3775 3818 me
3802 3759 3872 3818 de
3901 3760 4012 3819 Ga-

1026 3869 1183 3928 lilaei
1222 3872 1557 3933 inventione
1598 3881 1819 3935 certum
1861 3875 2221 3935 reddideris:
2263 3883 2509 3951 peropto
2550 3883 2617 3934 ut
2654 3875 2739 3932 illi
2780 3894 2948 3947 quam
2990 3874 3128 3931 mihi
3168 3872 3596 3946 longitudinum
3640 3873 3839 3945 praxis
3890 3892 4016 3930 suc·

1031 3979 1199 4038 cedat
1236 3982 1478 4055 felicum,
1508 3987 1748 4059 ipseque
1789 3986 2034 4045 Ioviales
2075 3986 2359 4046 satellites
2401 4006 2576 4061 super
2616 3991 2779 4044 terra
2817 3986 3077 4057 marique
3115 3983 3283 4041 facile
3322 3981 3715 4042 observabiles
3742 3988 4019 4056 praestet,

1030 4113 1096 4151 ac
1135 4092 1369 4152 illorum
1405 4095 1639 4156 tabulas
1668 4097 1740 4156 ad
1769 4119 1894 4157 eam
1934 4098 2219 4172 perducat
2257 4099 2677 4173 praecisionem
2707 4099 2794 4155 vir
2819 4096 2916 4155 ille
2944 4097 3097 4154 inter
3123 4095 3563 4153 mathematicos
3591 4093 4016 4169 celeberrimUS,

899 4212 991 4262 100
1033 4206 1100 4261 ut
1137 4204 1345 4263 saltem
1385 4207 1631 4282 singulis
1670 4208 1874 4269 diebus
1915 4230 2142 4269 errores
2170 4208 2246 4268 ad
2273 4210 2468 4283 plures
2500 4208 2720 4283 gradus
2748 4212 3012 4282 integros
3042 4206 3408 4266 observando
3435 4227 3551 4265 non
3579 4206 4019 4281 deprehendan-

1032 4323 1149 4388 tur,
1188 4319 1342 4391 quod
1382 4321 1764 4394 contingebat
1802 4321 1930 4380 DD.
1959 4321 2030 4380 de
2058 4321 2290 4380 Peirese
2328 4325 2389 4379 et
2427 4320 2708 4380 Gauterio
2727 4320 2797 4392 (1),
2825 4320 3015 4377 Priori
3042 4319 3351 4390 Vallettae,
3380 4318 3518 4375 dum
3545 4338 3697 4376 anno
3722 4320 3859 4376 1607
3882 4317 4016 4389 (Sic)

1035 4434 1095 4489 in
1131 4430 1350 4488 tabulis
1390 4431 1673 4489 similibus
1714 4430 2031 4490 condendis
2063 4451 2190 4489 mea
2216 4450 2395 4505 opera
2420 4429 2745 4488 utebantur
2770 4449 2876 4503 pro
2904 4427 3141 4499 calcu10,
3168 4426 3323 4486 unde
3351 4447 3384 4484 a
3412 4429 3711 4501 proposito
3739 4426 4020 4484 desistere

1039 4543 1224 4600 coacti
1263 4543 1442 4600 fuere.
1484 4541 1643 4599 Haec
1682 4547 1820 4600 sunt
1857 4542 2149 4615 ipsissima
2186 4547 2388 4600 nostra
2427 4539 2620 4612 verba,
2651 4558 2797 4612 quae
2836 4544 3032 4596 utrum
3072 4539 3394 4597 inventioni
3433 4536 3504 4596 D.
3534 4536 3777 4595 Galilaei
3817 4535 4019 4595 obesse

1042 4661 1277 4731 queant,
1314 4658 1481 4717 facile
1520 4657 1809 4731 dispicieS.
2584 4652 2588 4656 ⁴

1183 4770 1427 4828 Interim
1467 4767 1612 4839 vale,
1651 4767 2023 4827 Nobilissime
2062 4769 2150 4826 vir
2187 4770 2247 4824 et
2285 4767 2642 4837 amicissime,
2672 4762 3292 4839 praestantissimoque
3318 4759 3388 4817 D.
3413 4758 3670 4818 Galilaeo
3709 4778 3878 4831 quam
3910 4758 4024 4831 pri-

1043 4902 1199 4940 mum
1238 4870 1442 4952 scribe,
1470 4901 1543 4938 ne
1582 4879 1654 4938 de
1692 4879 2225 4937 Illustrissimorum
2269 4877 2644 4936 Dominorum
2688 4875 2967 4935 Ordinum
3012 4872 3467 4948 propensissima
3505 4890 3645 4942 erga
3684 4890 3810 4927 eum
3849 4867 4021 4926 bene·
4100 4919 4102 4921 ,

1043 4996 1300 5054 volentia
1338 4993 1629 5053 ullatenus
1670 4993 1960 5067 desperet.
2001 4991 2201 5051 Scribe
2241 5011 2468 5064 quoque
2508 4990 2581 5048 ad
2623 4988 2770 5048 Nob.
2800 4988 3141 5055 Galilaeum,
3168 4985 3488 5044 Eizevirios
3517 4983 3757 5041 daturos
3790 5001 4024 5056 operam

1047 5113 1113 5168 ut
1146 5109 1297 5166 liber
1336 5110 1456 5165 eius
1495 5107 1567 5164 de
1609 5091 1768 5165 motu
1807 5110 2065 5165 correcte
2107 5108 2164 5162 et
2203 5103 2386 5162 nitide
2428 5102 2765 5161 excudatur.
2807 5099 2938 5158 Vidi
2987 5099 3159 5172 primi
3212 5097 3335 5154 folii
3388 5097 3693 5170 specimen,
3736 5110 3884 5151 sane
3923 5113 4028 5168 per

1047 5239 1215 5291 quam
1258 5209 1579 5292 pulchrum.

1188 5392 1327 5438 Lett.
1362 5387 1534 5437 3470.
1572 5387 1675 5432 103.
1708 5394 1858 5431 utrum
1891 5384 2139 5430 intentioni
2170 5384 2230 5429 D.
2267 5382 2473 5429 Galilaei
2494 5407 2547 5414 —-

2939 5514 2950 5517 ί
2957 5514 2970 5516 -
3108 5512 3184 5516 .,,-.-.
3190 5506 3622 5516 ,,,-,..,,-,,-..-,.-.--,-,

1197 5608 1250 5648 (¹)
1286 5609 1530 5656 Gmsm’rn
1567 5607 1833 5653 GAUL'rmR.
