5400 6817
999 703 1438 791 [3444-3445]
2110 709 2145 768 7
2186 740 2253 747 —
2291 706 2364 767 13
2406 714 2652 767 MARzo
2699 703 2874 765 1637.
3893 699 3972 762 43

1001 878 1066 942 di
1114 879 1391 945 concetti
1440 878 1669 962 oscuri,
1720 877 1836 943 che
1882 898 2011 942 non
2059 897 2161 941 me
2208 874 2257 938 li
2303 897 2371 941 so
2420 872 2794 939 dilucidare.
2842 871 2936 937 Mi
2982 870 3288 939 raccordo
3323 871 3440 938 che
3470 870 3519 935 il
3550 873 3770 937 nostro
3800 867 3974 936 buon

998 1000 1069 1064 P.
1103 998 1385 1064 Maestro
1432 997 1652 1080 Paolo,
1694 995 1761 1062 di
1806 996 2083 1082 gloriosa
2128 995 2459 1079 memoria,
2493 993 2709 1060 soleva
2755 992 2892 1059 dire
2937 992 3054 1062 6116
3099 992 3221 1059 Dio
3269 1015 3302 1058 e
3348 991 3414 1056 la
3463 997 3699 1058 natura
3730 990 3977 1057 haveva

1002 1119 1158 1183 data
1203 1116 1308 1182 un’
1338 1116 1614 1183 habilita
1661 1138 1700 1180 a
1748 1115 1823 1181 V.
1860 1115 1922 1181 S.
1971 1138 2086 1199 per
2120 1136 2456 1182 conoscere
2499 1114 2548 1178 11
2592 1115 2772 1197 moti,
2808 1113 2924 1179 che
2968 1112 3179 1198 quello
3225 1113 3339 1178 che
3389 1111 3473 1175 da
3513 1112 3597 1177 lei
3640 1131 3769 1175 non
3809 1110 3975 1176 fosse

1001 1240 1170 1302 stato
1229 1237 1616 1318 investigato
1679 1257 1789 1299 era
1849 1233 2293 1316 investigabile
2352 1231 2456 1297 all'
2484 1231 2844 1298 humanita.
2895 1231 3005 1297 Ma
3051 1253 3120 1296 so
3169 1231 3285 1296 che
3334 1231 3409 1303 ,di
3464 1235 3687 1315 questo
3744 1250 3973 1313 genere

1000 1353 1459 1438 bisognerebbe
1506 1375 1637 1419 non
1683 1354 1974 1419 scrivere.

902 1484 964 1530 30
1148 1472 1269 1538 Dio
1317 1474 1382 1536 la
1431 1472 1736 1552 conservi,
1788 1493 1821 1535 e
1871 1492 1990 1536 con
2036 1472 2186 1553 ogni
2233 1469 2454 1536 affetto
2501 1469 2560 1533 le
2607 1469 2792 1535 bacio
2838 1468 2899 1534 le
2947 1469 3142 1533 mani.

1294 1663 1502 1745 Vena,
1555 1669 1590 1726 7
1641 1662 1859 1729 Marzo
1913 1666 2101 1727 1637.
2662 1717 2668 1722 .

1582 1782 1667 1846 Di
1713 1781 1790 1847 V.
1828 1781 1894 1848 S.
1942 1783 2141 1848 molto
2187 1782 2261 1846 Il.
2314 1786 2378 1846 et
2424 1781 2734 1847 Eccell.¹¹¹³
3388 1781 3616 1846 nevam>
3664 1777 3797 1844 Ser.

1150 2102 1316 2168 Dell’
1340 2124 1533 2186 opere
1585 2102 1703 2168 che
1751 2101 2088 2185 mandara,
2140 2110 2172 2168 e
2219 2101 2381 2168 bene
2429 2102 2546 2168 che
2594 2103 2651 2167 ci
2699 2103 2796 2167 sia

1003 2224 1051 2289 il
1099 2222 1449 2308 duplicato.
2743 2216 2746 2220 ’

3050 2577 3110 2653 fa

2368 2630 2635 2712 3445.

1475 2842 1662 2900 ELIA
1700 2840 2033 2901 DIODATI
2071 2862 2106 2900 a
2142 2839 2504 2899 MARTINO
2540 2838 2931 2899 ORTENSIO
2974 2839 3060 2917 [in
3096 2837 3514 2915 A'msterdam].

2156 2982 2358 3046 Parigi,
2393 2985 2451 3034 13
2484 2997 2666 3035 marzo
2703 2984 2841 3034 1637.

1007 3225 1094 3272 Dal
1127 3225 1270 3273 Tomo
1305 3224 1396 3284 III,
1429 3239 1536 3285 pag.
1560 3224 1797 3284 427-428,
1830 3223 1941 3272 dell’
1955 3223 2170 3272 edizione
2204 3222 2361 3271 citata
2394 3222 2870 3272 nell’informazione
2902 3237 3146 3283 pre-messa
3178 3223 3226 3271 al
3259 3236 3329 3273 n.⁰
3367 3224 3503 3274 1201.

2112 3438 2332 3512 Parigi,
2371 3442 2439 3499 13
2476 3438 2681 3499 Marzo
2721 3440 2877 3499 1637.

1147 3613 1338 3687 Unde,
1378 3612 1483 3670 Vir
1523 3613 1873 3686 Clarissime,
1913 3612 2099 3671 altum
2136 3612 2247 3671 tibi
2284 3633 2438 3671 nunc
2476 3613 2789 3685 silentium,
2830 3615 2930 3686 qui
2967 3633 3157 3696 nuper
3193 3612 3268 3673 ad
3307 3613 3829 3689 expergiscendum
3863 3613 3982 3674 Do-

1006 3726 1223 3781 minum
1262 3723 1550 3781 Galileum
1588 3728 1710 3781 tam
1749 3724 1919 3781 anxie
1964 3743 2055 3779 me
2104 3722 2408 3797 urgebas?
2459 3722 2755 3782 Satisfeeit
2801 3725 2850 3782 is
2901 3723 3042 3797 (qua
3093 3727 3183 3782 est
3233 3725 3627 3798 ingenuitate)
3678 3724 3984 3800 pollicitis3

1006 3838 1188 3906 tuque
1227 3835 1347 3891 eius
1388 3814 1959 3907 propositionemab
2001 3833 2421 3893 Illustrissimis
2463 3833 2780 3893 Ordinibus
2817 3838 3132 3908 gratanter
3169 3838 3385 3894 etcum
3421 3834 3645 3896 honore
3684 3841 3987 3910 exceptam

1009 3963 1113 4016 per
1149 3942 1349 4001 literas
1374 3941 1425 3987 (1)
1467 3949 1719 4014 quatuor
1756 3944 1870 4000 iam
1898 3942 1971 4000 ab
1998 3943 2133 4001 hinc
2171 3942 2465 4001 mensibus
2493 3942 2632 4000 mihi
2658 3944 2965 4014 nunciasti,
2993 3947 3394 4018 paratumque,
3420 3964 3557 4003 mox
3586 3947 3985 4017 sequuturum,

1007 4052 1542 4110 Illustrissimorum
1593 4051 1978 4110 Dominorum
2028 4053 2103 4110 ad
2154 4073 2283 4110 eum
2333 4073 2697 4126 responsum,
2749 4052 3124 4113 Nobilissimo
3172 4053 3373 4113 Realio
3423 4054 3781 4126 mandatum,
3825 4073 3984 4140 esse:

1008 4164 1189 4234 cuius,
1224 4166 1330 4220 tua
1367 4160 1500 4233 fide,
1539 4163 1759 4236 optimo
1799 4164 1922 4219 seni
1960 4182 2064 4234 spe
2103 4182 2137 4219 a
2173 4182 2264 4219 me
2302 4162 2475 4235 sacta,
2514 4164 2635 4221 eius
2687 4162 2946 4221 adventu
2995 4163 3278 4222 hactenus
3328 4163 3680 4223 frustratum
3727 4184 3836 4236 me,
3882 4184 3988 4223 nee

1009 4272 1084 4329 ad
1120 4276 1213 4330 tot
1252 4292 1406 4330 meas
1447 4272 1557 4329 tibi
1595 4272 1669 4329 ab
1709 4292 1775 4330 60
1812 4278 2077 4346 tempore
2118 4273 2367 4346 scriptas
2404 4273 2605 4331 literas
2644 4273 2793 4332 ullas
2821 4294 2856 4331 a
2880 4278 2941 4332 te
2966 4275 3272 4347 accepisse,
3305 4295 3422 4333 non
3460 4295 3695 4349 possum
3732 4296 3851 4335 non
3887 4277 3988 4334 mi-

1009 4384 1162 4453 rari;
1202 4403 1329 4438 cum
1368 4382 1548 4454 longa
1585 4381 1727 4440 haec
1767 4403 1930 4440 mora
1969 4385 2222 4440 auctoris
2263 4387 2322 4440 et
2360 4385 2588 4456 negocii
2626 4384 2921 4457 dignitati,
2963 4386 3199 4457 eiusque
3230 4386 3290 4443 in
3322 4386 3483 4444 cuius
3524 4388 3653 4444 sinu
3689 4387 3990 4445 inventum

914 4503 974 4550 10
1010 4493 1118 4549 1106
1158 4493 1407 4564 primum
1448 4491 1742 4550 conditum
1785 4498 1890 4565 est,
1931 4478 2159 4566 quoque
2199 4513 2437 4551 suasore
2476 4498 2535 4551 et
2572 4514 2679 4567 per
2718 4513 2886 4566 quem
2926 4494 2998 4553 ab
3037 4499 3272 4554 auctore
3309 4495 3726 4555 Illustrissimis
3777 4498 3989 4557 vestris

1007 4602 1268 4660 Dominis
1307 4622 1447 4676 prae
1486 4603 1613 4661 aliis
1654 4603 1929 4661 omnibus.
1959 4603 2258 4678 proditum
2286 4608 2392 4676 est,
2421 4605 2763 4678 dignissimo
2790 4608 3016 4678 merito,
3044 4605 3380 4665 nullatenus
3411 4606 3784 4681 respondeat,
3811 4628 3987 4682 quum

1007 4732 1136 4769 eum
1173 4714 1522 4786 praesertim
1557 4714 1617 4770 in
1655 4712 1763 4769 hoc
1801 4713 2044 4786 negocio
2085 4713 2249 4785 quasi
2288 4714 2565 4771 vicarium
2605 4713 2715 4771 sibi
2754 4717 2956 4772 auctor
2994 4714 3296 4788 delegerit,
3322 4713 3425 4787 illi,
3452 4714 3528 4774 ad
3567 4714 3988 4789 expeditiorem

1007 4823 1128 4880 eius
1164 4825 1578 4880 tractationem
1619 4827 1863 4897 propter
1901 4824 2070 4880 nimis
2111 4823 2286 4897 longe
2325 4822 2587 4882 dissitam
2629 4823 2973 4897 absentiam,
3001 4806 3379 4884 ulterioribus
3405 4845 3542 4884 suae
3569 4827 3986 4900 propositionis

1006 4932 1515 5005 illustrationibus,
1554 4932 1630 4990 ad
1683 4932 1989 4991 solvendas
2040 4937 2099 4990 et
2138 4932 2474 4992 enodandas
2527 4933 2899 4992 difficultates
2946 4938 3328 5008 emergentes,
3378 4934 3744 5008 postmodum
3798 4935 3987 4995 adhuc

1009 5042 1260 5101 creditis.
1303 5043 1493 5113 Quare
1532 5041 1671 5116 quid
1711 5062 1951 5101 caussae
1990 5043 2204 5116 subsit,
2236 5064 2269 5100 a
2307 5048 2365 5101 te
2405 5046 2552 5102 scire
2590 5047 2852 5118 expect0.
2963 5044 3123 5103 Vale.

1148 5150 1416 5223 Invigila,
1457 5170 1687 5222 quaeSO,
1728 5152 2099 5225 impressioni
2140 5153 2331 5225 operis
2371 5151 2603 5210 Domini
2644 5151 2855 5210 Galilei
2894 5152 2965 5209 de
3002 5156 3179 5224 1110111,
3220 5151 3293 5209 ab
3330 5151 3622 5210 Elzevirio
3667 5157 3987 5227 susceptae,

1009 5261 1079 5317 de
1120 5278 1234 5331 qua
1273 5280 1461 5332 nuper
1501 5260 1576 5317 ad
1614 5267 1674 5317 te
1714 5261 1937 5333 scripsi.

1158 5532 1210 5572 (¹)
1248 5534 1343 5582 cfr.
1376 5545 1448 5581 n.0
1481 5535 1618 5583 3395.
