5400 6817
1526 698 1603 758 20
2682 700 2759 760 26
2803 709 3131 762 GENNAIO
3180 701 3351 762 1637.
4269 699 4493 785 [3421]

1676 865 1859 932 Circa
1906 874 2153 932 motum
2199 865 2536 932 Iovialium
2584 867 2790 932 visum
2837 866 3020 933 1161613
3069 867 3211 951 fuit,
3258 868 3695 955 ephemerides
3743 871 3985 955 requiri
4029 877 4166 935 tam
4215 877 4491 957 exactaS,

1525 995 1598 1055 ut
1645 988 1874 1053 saltem
1920 989 1988 1052 in
2043 1010 2283 1053 annum
2345 1011 2545 1053 unum
2607 970 3057 1074 phaenomena
3115 988 3401 1074 praedici
3462 998 3733 1074 queant3
3798 991 4082 1057 theorias
4140 993 4296 1058 item
4357 1000 4494 1058 tam

1526 1107 1765 1193 11111163,
1801 1117 1872 1174 111
1919 1108 2239 1173 sufficiant
2284 1130 2399 1194 per
2447 1108 2663 1173 omnia
2711 1107 2955 1174 zodiaci
3000 1108 3160 1174 loca.
3210 1108 3609 1192 Responsum
3645 1132 3792 1193 ergo
3843 1133 3882 1175 a
3927 1109 4338 1175 Nobilissima
4370 1111 4495 1177 Do-

1526 1229 1876 1294 minatione
1924 1232 2138 1293 vestra
2184 1228 2483 1313 petimus,
2532 1232 2606 1291 ut
2654 1234 2898 1312 quanta
2945 1235 3237 1294 motuum
3284 1229 3516 1294 notitia
3561 1231 3690 1294 iam
3737 1252 3930 1314 penes
3977 1229 4494 1296 Dominationem

1526 1354 1806 1413 vestram
1854 1349 1937 1412 sit
1985 1368 2426 1430 agnoscamUS,
2478 1350 2541 1411 et
2589 1346 2778 1412 simul
2825 1346 3160 1412 ulteriores
3209 1346 3682 1413 observationes
3735 1349 4170 1433 1113111116111113,
4217 1349 4495 1433 phaeno-

1526 1490 1716 1533 mena
1761 1491 1875 1553 per
1925 1466 2242 1532 calculum
2289 1465 2576 1532 indicata
2625 1467 2926 1533 continuo
2978 1489 3123 1531 cum
3184 1467 3358 1533 caelo
3424 1468 3853 1548 conferentes3
3922 1491 4112 1552 quem
4175 1470 4243 1532 in
4303 1468 4495 1534 finem

1527 1609 1857 1672 speramus
1906 1583 2348 1671 Amplissimos
2399 1584 2701 1650 Consules
2751 1583 3380 1651 Amstelodamenses
3428 1586 3936 1652 observatorium
3981 1589 4165 1653 nobis
4197 1588 4496 1653 idoneum

1528 1729 1672 1771 cum
1719 1706 2161 1771 instrumentis
2218 1711 2695 1788 procuraturos
2760 1703 2847 1770 Et
2907 1726 3060 1771 sane
3121 1727 3252 1770 non
3309 1727 3540 1790 parum
3602 1706 3752 1770 huic
3812 1708 4067 1790 negotio
4129 1707 4497 1775 Dominatio

1525 1830 1740 1891 vestra
1786 1823 2086 1908 prodesse
2134 1827 2368 1909 posset,
2405 1823 2460 1888 si
2506 1823 2590 1887 ad
2635 1825 2807 1908 ipsos
2857 1821 3487 1890 Amstelodamenses
3525 1825 3829 1891 Consules
3863 1824 4189 1910 scriberet,
4224 1831 4499 1911 peteret-

1529 1966 1649 2029 que
1697 1951 1769 2009 ut
1817 1944 2015 2009 talem
2064 1942 2445 2008 observandi
2493 1942 3018 2008 commoditatem
3060 1943 3221 2007 mihi
3251 1945 3630 2029 largiantur,
3666 1945 4186 2028 quandoquidem
4217 1947 4500 2011 inventio

1526 2064 1997 2130 Dominationis
2045 2070 2297 2129 vestrae
2343 2063 2536 2128 nullis
2585 2062 2958 2129 mortalium
3006 2069 3191 2129 tanto
3231 2064 3352 2129 erit
3384 2065 3528 2128 usui
3561 2070 3624 2130 et
3657 2065 4087 2131 emolumento
4124 2087 4314 2150 quam
4350 2064 4500 2129 Am-

1527 2182 2126 2250 stelodamensibus.
2175 2181 2314 2248 Hoc
2363 2204 2478 2265 ego
2510 2178 2962 2248 Nobilissimae
2994 2181 3435 2249 Dominationi
3465 2191 3719 2250 vestrae
3750 2184 3946 2250 latius
3977 2185 4502 2271 perpendendum

1528 2305 1836 2388 relinquo.
1891 2301 2075 2379 Quod
2123 2304 2175 2366 si
2222 2324 2349 2368 non
2400 2308 2658 2368 censeat
2706 2302 3076 2368 Dominatio
3123 2310 3340 2370 vestr-a
3380 2303 3448 2368 id
3481 2304 3602 2369 sibi
3633 2304 3768 2370 fore
3804 2307 4229 2387 commodum,
4266 2329 4501 2391 quaeso

1529 2425 1613 2489 ad
1656 2421 2130 2488 Illustrissimos
2181 2420 2452 2486 Ordines
2501 2423 2737 2487 iterato
2787 2422 3046 2504 scribat,
3094 2429 3168 2488 ut
3216 2430 3426 2489 totum
3472 2424 3802 2507 negotium
3851 2426 4008 2490 meis
4056 2426 4340 2491 humeris
4386 2428 4501 2490 im-

1527 2549 1792 2628 ponant,
1843 2540 2324 2625 adiungantque
2372 2540 2586 2606 media
2631 2542 3013 2624 necessaria,
3050 2549 3211 2627 puta
3253 2541 3761 2609 observatorium
3798 2552 3860 2610 et
3892 2547 4355 2611 instrumenta:
4391 2570 4503 2631 per

1527 2662 1669 2728 illos
1716 2661 1784 2725 id
1830 2659 2132 2726 facillime
2181 2681 2219 2724 a
2265 2660 2555 2726 Dominis
2611 2659 3315 2727 Amstelodamensibus
3371 2664 3608 2747 poterit
3663 2663 4016 2749 impetrari.
4075 2664 4211 2748 Ego
4263 2672 4500 2747 autem,

1529 2781 1689 2847 Nolo.
1728 2779 1992 2861 Galilee,
2043 2780 2159 2844 sub
2209 2779 2333 2845 fide
2383 2780 2534 2846 166111
2579 2781 2699 2844 viri
2749 2785 2811 2845 et
2856 2782 3279 2846 conscientiae
3312 2783 3687 2865 integritate
3720 2782 3839 2847 tibi
3873 2783 4174 2867 spondeo,
4208 2783 4371 2847 nihil
4404 2807 4504 2849 me

1529 2900 1607 2969 de
1655 2901 1781 2969 tuis
1829 2902 2105 2965 inventis
2154 2899 2315 2963 mihi
2361 2904 2834 2983 arrogaturum,
2885 2899 2997 2964 sed
3042 2900 3315 2982 gloriam
3363 2922 3616 2965 omnem
3673 2901 3795 2966 tibi
3848 2901 4244 2984 relicturum,
4299 2902 4503 2968 solum

1530 3028 1747 3087 autem
1793 3019 2038 3085 inventi
2082 3020 2181 3083 tui
2225 3041 2412 3082 usum
2459 3025 2905 3104 promoturum
2953 3020 3022 3082 in
3069 3019 3474 3085 commodum
3522 3020 3770 3103 generis
3818 3021 4087 3086 humani
4135 3029 4200 3088 et
4252 3022 4504 3107 patriae

1530 3162 1743 3220 meae;
1793 3141 1915 3206 hoc
1961 3138 2412 3205 tantummodo
2460 3140 2527 3203 in
2571 3139 2932 3223 praemium
2979 3137 3274 3203 laborum
3321 3140 3674 3223 postulanS,
3724 3147 3796 3205 111
3843 3163 3958 3224 per
4005 3148 4069 3206 te
4116 3142 4192 3204 D.
4230 3140 4502 3205 Ordines

1527 3260 1896 3343 intelligant
1943 3282 2045 3324 me
2094 3281 2238 3324 eum
2289 3280 2442 3341 esse,
2495 3280 2684 3342 quem
2732 3265 2805 3323 tu
2868 3256 3133 3340 dignum
3192 3258 3315 3324 isto
3376 3259 3616 3325 honore
3678 3259 3997 3341 iudicasti,
4057 3268 4120 3326 et
4180 3267 4252 3325 111
4313 3260 4504 3325 31111111

1531 3382 1930 3448 occasionem
1976 3380 2312 3445 nanciscar
2358 3402 2473 3466 per
2523 3400 2807 3462 congrua
2853 3379 3286 3445 instrumenta
3334 3381 3793 3445 astronomiam
3828 3383 4022 3445 etiam
4055 3383 4124 3445 in
4171 3381 4310 3446 aliis
4357 3403 4502 3466 par-

1528 3500 1699 3565 tibus
1747 3500 2183 3584 promovendi,
2220 3500 2321 3565 cui
2368 3501 2462 3565 rei
2506 3500 2819 3566 hactenus
2870 3501 3086 3566 omnia
3129 3523 3290 3585 pene
3341 3501 3555 3565 studia
3593 3524 3739 3567 mea
3769 3503 4074 3588 impendi.
4114 3503 4257 3587 Sed,
4291 3527 4371 3568 ne
4411 3506 4503 3569 ni-

1531 3618 1730 3683 mium
1781 3625 1965 3684 extra
2013 3619 2184 3684 oleas
2231 3640 2444 3701 vager,
2480 3617 2671 3683 redeo
2724 3618 2806 3683 ad
2851 3620 3270 3703 propositum.

1681 3735 1867 3802 Circa
1912 3735 2315 3821 horologium
2366 3735 2536 3821 quod
2582 3735 2748 3802 Noh.
2795 3735 3165 3803 Dominatio
3222 3744 3436 3803 vestra
3491 3739 3833 3823 promittit,
3890 3738 4072 3805 1161613
4126 3743 4331 3807 visum
4386 3740 4507 3805 fuit

1530 3880 1658 3924 non
1705 3879 1889 3941 posse
1940 3856 2083 3921 dari
2129 3856 2461 3921 meliorem
2507 3856 2944 3922 inventionem
2991 3858 3058 3921 in
3103 3861 3240 3922 toto
3299 3856 3449 3922 orbe
3507 3863 3850 3941 terrarum,
3909 3861 3962 3922 si
4015 3866 4152 3924 tam
4207 3866 4505 3925 constans

1531 3978 1616 4044 sit
1661 3982 1734 4041 ut
1779 3981 2008 4041 narrat
2054 3976 2423 4042 Dominatio
2471 3982 2706 4058 vestra,
2743 3982 2806 4040 et
2853 3973 3088 4060 ubique
3136 3976 3441 4059 locorum,
3478 3984 3613 4042 tam
3645 3978 3713 4040 in
3745 3980 3911 4042 mari
3953 4000 4147 4062 quam
4194 3980 4261 4042 in
4308 3984 4502 4059 terra,

1530 4104 1668 4162 tam
1716 4095 1926 4160 hieme
1976 4118 2170 4179 quam
2219 4101 2485 4178 aestate,
2524 4095 2893 4178 expeditum
2943 4116 3018 4160 ac
3067 4102 3313 4161 certum
3345 4095 3656 4180 praebeat
3688 4120 3894 4160 usum.
3933 4096 4087 4161 Tale
4122 4098 4288 4162 enim
4320 4097 4504 4162 horo-

1531 4219 1771 4302 logium
1819 4219 1889 4281 in
1935 4217 2381 4283 observatione
2414 4223 2708 4282 motuum
2743 4216 3113 4282 caelestium
3146 4221 3404 4281 tantum
3434 4216 3634 4282 habet
3666 4239 3872 4300 usum,
3907 4223 3980 4282 ut
4011 4217 4191 4281 nulla
4220 4216 4505 4280 humana

1530 4339 1813 4403 inventio
1859 4338 1930 4401 in
1975 4336 2115 4401 aliis
2164 4336 2352 4402 rebus
2401 4334 2643 4402 habeat
2689 4337 3020 4401 maiorem.
3068 4334 3381 4412 Quocirca
3414 4342 3477 4400 et
3508 4335 3695 4400 huius
3731 4342 4123 4401 structuram
4157 4335 4503 4401 admodum

1535 4456 1972 4522 desideramus
1999 4456 2267 4537 novisse,
2289 4460 2362 4519 ut
2384 4457 2453 4519 in
2474 4456 2664 4539 praxi
2688 4454 3207 4520 observationum
3230 4476 3417 4519 usum
3442 4454 3625 4520 1161613
3648 4461 3936 4540 praestet
3960 4453 4501 4538 percommodum.

1682 4577 1891 4644 Tuum
1940 4600 2088 4661 ergo
2139 4578 2279 4659 erit,
2314 4575 2724 4642 Nobilissime
2758 4573 3021 4660 Galilee,
3059 4597 3253 4660 quam
3299 4576 3579 4659 primum
3624 4575 3888 4641 inventa
3933 4580 4048 4640 tua
4080 4576 4164 4640 ad
4195 4596 4309 4639 nos
4341 4580 4505 4639 tras-

1534 4699 1809 4779 mittere,
1859 4701 1950 4778 ut,
2003 4695 2156 4761 dum
2203 4695 2415 4761 adhuc
2461 4697 2529 4760 in
2579 4695 2737 4760 vivis
2787 4717 2871 4776 63,
2920 4695 3055 4779 ipse
3102 4693 3321 4759 videas
3368 4696 3500 4759 iam
3549 4694 3633 4759 ad
3693 4695 3947 4778 praxim
4009 4695 4137 4759 ista
4197 4696 4502 4760 revocari.

1536 4816 1814 4880 Tantum
1865 4815 2034 4880 enim
2080 4816 2211 4878 iam
2261 4814 2433 4896 apud
2480 4812 2953 4878 Illustrissimos
3004 4812 3274 4878 Ordines
3326 4819 3541 4878 actum
3598 4819 3694 4877 est
3747 4813 3816 4876 in
3868 4820 3984 4878 tua
4048 4834 4259 4894 causa,
4312 4835 4505 4896 quam

1536 4936 1641 5017 agi
1685 4935 1917 5017 potuit,
1953 4938 2017 4996 et
2064 4932 2421 5017 scripsisset
2471 4930 2716 4994 dudum
2766 4930 2848 4995 ad
2895 4931 3418 4997 Dominationem
3465 4939 3747 4997 vestram
3780 4931 3941 4997 Nolo.
3978 4932 4256 5012 Realius,
4295 4932 4346 4994 si
4378 4954 4506 4996 non

1535 5051 1882 5135 impeditus
1928 5050 2154 5117 fuisset
2199 5048 2466 5114 infinitis
2512 5049 2645 5114 fere
2693 5050 3009 5132 negociis;
3048 5049 3219 5132 quod
3250 5051 3304 5113 si
3335 5055 3555 5113 tamen
3590 5050 3722 5113 eius
3755 5071 4130 5133 responsum
4165 5049 4503 5129 desidereS,

1535 5169 1775 5252 urgebo
1824 5174 1897 5234 ut
1945 5191 2140 5253 quam
2185 5170 2467 5252 primum
2498 5168 2903 5251 respondeat,
2940 5166 3254 5251 simulque
3289 5169 3615 5251 exemplar
3650 5166 3889 5232 decreti
3920 5166 4503 5233 Illustrissimorum

1538 5286 1854 5352 Ordinum
1902 5287 2192 5350 italicum
2242 5286 2326 5349 ad
2372 5291 2437 5350 te
2485 5287 2727 5367 mittat,
2763 5307 3158 5369 quamquam
3190 5284 3351 5348 nihil
3380 5284 3529 5347 inde
3564 5284 3741 5348 aliud
3775 5307 3969 5368 quam
4003 5308 4081 5348 ex
4114 5284 4503 5368 apographO,

1538 5424 1577 5465 a
1624 5423 1725 5463 me
1772 5403 1903 5464 iam
1954 5400 2037 5463 ad
2083 5400 2594 5465 Illustrissimum
2644 5400 2941 5463 Grotium
2987 5402 3199 5480 misse,
3234 5400 3474 5481 poteris
3521 5398 3897 5479 intelligere.

1675 5542 1842 5589 59—60.
1878 5542 2243 5603 quandoquidem
2275 5544 2473 5587 inventis
2506 5542 2853 5586 Dominationis
2876 5565 2934 5573 --

4531 889 4592 937 50

4537 2081 4599 2127 60

4540 3276 4600 3322 70

4542 4468 4604 4516 80
