5400 6817
1538 695 1613 754 22
2577 691 2652 750 27
2688 723 2756 731 -
2789 691 2868 751 30
2911 633 3237 751 emmo
3285 690 3456 749 1637.
4076 681 4506 769 [34223423]

1542 869 1812 947 Quando
1858 868 1951 933 fui
1999 867 2082 932 da
2126 867 2201 932 V.
2234 866 2317 950 S„
2352 867 2400 931 il
2444 865 2628 932 lardo
2676 867 2730 930 si
2776 865 3063 931 vendeva
3112 866 3221 948 qui
3269 886 3307 928 a
3354 866 3614 948 ragione
3651 864 3718 928 di
3747 864 3863 929 lire
3899 864 4158 930 diciotto
4206 864 4252 928 il
4300 870 4503 945 centO,

1541 1010 1650 1053 ma
1693 989 1802 1073 poi
1849 993 1881 1052 2
1931 985 2138 1051 alzato
2186 985 2235 1050 il
2280 1008 2469 1069 prezo
2517 989 2760 1068 quanto
2810 984 2884 1049 V.
2923 982 2983 1049 S.
3018 987 3144 1068 puo
3192 982 3439 1048 vedere.

1690 1106 2019 1190 Seguitero
2069 1104 2136 1168 di
2181 1104 2493 1170 mandare
2544 1104 2610 1168 di
2657 1103 2914 1187 quando
2961 1106 3030 1167 in
3078 1101 3355 1186 quando,
3392 1103 3663 1167 secondo
3711 1101 4192 1186 l’opportunita,
4237 1104 4506 1187 capponi

1541 1249 1575 1291 o
1625 1226 1776 1292 altri
1821 1223 2176 1305 uccellami,
2213 1222 2588 1309 suplicando
2637 1223 2713 1287 V.
2744 1222 2805 1287 S.
2843 1245 2882 1287 a
2928 1223 3221 1287 lasciarsi
3265 1222 3598 1287 intendere
3630 1221 4050 1286 liberamento
4086 1245 4149 1285 se
4185 1222 4279 1286 cio
4313 1244 4506 1305 segua

1543 1371 1660 1415 con
1708 1370 1822 1413 sua
1871 1346 2311 1429 sodisfazione,
2346 1346 2581 1432 perche
2628 1346 2718 1408 mi
2765 1344 3031 1410 sarebbe
3083 1343 3149 1407 di
3194 1366 3437 1409 sommo
3473 1344 3757 1428 disgusto
3793 1343 3908 1407 2112
3942 1342 4303 1408 l'eccessiva
4334 1343 4507 1407 beni-

1542 1467 1724 1551 gnita
1774 1466 1837 1530 di
1887 1465 1962 1529 V.
1993 1464 2054 1528 S.
2092 1465 2341 1530 dovessi
2389 1487 2595 1529 essere
2647 1464 2988 1529 esercitata
3035 1486 3217 1529 verso
3267 1463 3333 1527 di
3368 1485 3469 1527 me
3505 1462 3707 1527 anche
3740 1463 3808 1526 in
3841 1468 4064 1546 questo
4097 1462 4504 1547 particulare,

1542 1585 1608 1649 di
1654 1587 1933 1650 ricevere
1982 1606 2123 1650 cose
2173 1606 2207 1649 o
2257 1606 2566 1667 aprovare
2617 1606 2796 1667 spese
2846 1584 2960 1648 che
3009 1604 3139 1648 non
3184 1582 3427 1649 fussero
3463 1582 3783 1649 conforme
3818 1582 3881 1648 al
3913 1605 4025 1648 suo
4065 1589 4285 1666 gust03
4335 1606 4507 1647 men-

1540 1710 1638 1769 tre
1689 1726 1759 1769 co
1797 1702 1839 1767 ’l
1884 1700 2031 1784 fine,
2065 1701 2384 1768 facendoli
2432 1701 2652 1768 debita
2698 1724 3058 1785 reverenza,
3095 1701 3183 1785 gli
3228 1701 3469 1785 pregho
3519 1702 3627 1766 dal
3675 1700 3845 1766 Cielo
3884 1702 4096 1767 intera
4126 1703 4504 1786 prosperita.

1829 1852 1929 1916 Da
1976 1847 2089 1915 83⁰³
2136 1850 2251 1914 M?
2300 1873 2339 1914 2
2385 1850 2693 1940 Campoli,
2749 1856 2825 1914 27
2880 1850 2947 1914 (11
2993 1849 3281 1917 Gennaio
3335 1855 3500 1916 1636
3552 1853 3628 1917 ab
3674 1850 3871 1916 Inone

2075 1997 2158 2061 Di
2204 1997 2280 2062 V.
2320 1997 2381 2062 S.
2433 1997 2630 2063 molto
2678 1996 2828 2061 Ill.re
2877 2002 2939 2062 et
2986 1997 3206 2062 Ecc.ma
3430 1999 3814 2064 jDevotisS.¹¹²⁰
3849 2021 3881 2062 e
3915 1998 4193 2082 Oblig.Ino
4230 1997 4378 2061 82.Υθ

3509 2115 3975 2181 Alessandro
4033 2117 4282 2181 Ninci.

2880 2371 3182 2462 3423ss.

2189 2571 2499 2629 ΜΑΤΤΙΑ
2536 2570 3021 2630 BERNEGGER
3059 2591 3093 2628 a
3132 2569 3474 2629 GALILEO
3516 2573 3575 2627 in
3614 2570 3875 2627 Firenze.

2577 2700 2958 2763 [Strasbu1·go],
2994 2703 3055 2750 30
3089 2700 3316 2762 germaio
3354 2702 3489 2750 1637.

1542 2906 1693 2953 Bibl.
1718 2905 1917 2952 Civica
1950 2905 2011 2951 di
2045 2905 2358 2959 Amburgo.
2396 2903 2565 2950 Codice
2610 2902 2760 2948 citato
2804 2903 2932 2949 112112
2975 2903 3315 2949 informazione
3347 2916 3588 2960 premessa
3623 2902 3664 2947 2]
3701 2913 3769 2946 n.0
3805 2902 3942 2958 2613,
3978 2916 4069 2949 car.
4100 2904 4302 2949 1972-
4329 2902 4512 2947 Minuta

1687 2985 1953 3043 autografa.

2722 3078 3010 3166 22111222
3061 3099 3355 3182 22111221,

3091 3221 3505 3287 Florentiam.

1693 3368 2131 3435 Cunctationis
2179 3392 2378 3451 meae,
2431 3392 2801 3455 quanquam
2848 3392 2978 3436 non
3042 3375 3179 3434 tam
3244 3392 3282 3433 a
3342 3369 3733 3454 negligentia
3797 3390 3991 3453 quam
4055 3391 4093 3432 a
4156 3368 4513 3433 reverentia

1540 3490 1887 3574 profectae,
1941 3490 2094 3554 dum
2158 3489 2418 3573 scilicet,
2468 3491 2694 3575 inclyti
2752 3492 3026 3556 nominis
3090 3491 3186 3553 tui
3249 3491 3586 3555 maiestate
3649 3488 3977 3571 perculsus
4044 3511 4117 3552 ac
4178 3488 4511 3552 tenuitatis

1543 3634 1724 3675 meae
1773 3610 2081 3690 2011221112,
2134 3610 2472 3675 audaciam
2521 3609 2604 3673 ad
2651 3615 2909 3674 tantum
2974 3611 3181 3674 virum
3247 3608 3568 3673 scribendi
3631 3631 3881 3672 sumere
3943 3607 4238 3688 formidO,
4304 3608 4512 3690 gravis

1541 3729 1828 3813 profecto
1875 3750 2084 3812 poena
2129 3750 2301 3792 nunc
2348 3728 2508 3792 mihi
2552 3727 2894 3811 pendenda
2942 3736 3057 3811 est,
3107 3727 3536 3811 respondendi
3577 3708 3958 3792 necessitate
4005 3728 4074 3790 in
4117 3727 4301 3790 illum
4356 3731 4514 3789 tem—

1541 3850 1712 3933 poris
1763 3847 2107 3912 articulum
2153 3869 2354 3931 usque
2405 3846 2626 3928 dilata,
2664 3869 2786 3930 quo
2835 3848 3098 3911 minime
3148 3848 3431 3911 omnium
3465 3869 3605 3910 sum
3641 3846 3723 3909 ad
3772 3844 4179 3910 scribendum
4225 3844 4509 3909 idoneus.

1541 3967 1682 4032 Iam
1728 3967 1878 4031 inde
1924 3988 2126 4050 usque
2175 3988 2214 4030 a
2261 3968 2601 4051 superioris
2652 3969 2805 4030 anni
2852 3965 3147 4031 Calendis
3200 3965 3602 4048 Octobribus,
3655 3967 3979 4030 acerrimis
4028 3966 4232 4051 primo
4284 3963 4513 4029 dolori-

1543 4087 1662 4151 bus
1713 4085 2095 4167 arthritidis,
2147 4085 2396 4169 deinde,
2449 4109 2594 4151 cum
2642 4086 2710 4149 hi
2766 4087 3119 4168 desiissent,
3167 4094 3482 4172 perpetua
3539 4109 3796 4151 crurum
3854 4085 4186 4151 debilitate
4246 4084 4512 4167 aliisque

1544 4193 2102 4292 symptomatibus,
2157 4208 2356 4271 animi
2412 4208 2819 4291 corporisque
2875 4213 3237 4291 prostratae
3294 4208 3456 4272 vires
3515 4228 3844 4270 musarum
3900 4207 4074 4270 omni
4134 4203 4511 4271 commercio

1545 4328 1970 4408 excluserunt,
2022 4348 2166 4390 cum
2216 4326 2444 4410 quibus
2492 4326 2762 4390 necdum
2814 4327 2881 4390 in
2928 4326 3204 4409 gratiam
3272 4349 3349 4389 ex
3410 4329 3657 4409 integro
3720 4324 3930 4389 redire
3992 4324 4189 4390 licuit.
4256 4322 4509 4389 Allatae

1544 4454 1693 4511 sunt
1740 4446 1998 4511 interim
2048 4467 2085 4508 a
2130 4445 2319 4527 longo
2366 4443 2651 4528 pudendi
2698 4447 2825 4509 mei
2872 4444 3109 4510 silentii
3154 4445 3491 4510 intervallo
3541 4444 3781 4508 alterae
3819 4448 3969 4508 tuae
4001 4444 4227 4508 literae
4251 4437 4326 4524 (1²,
4361 4442 4509 4507 illae

1544 4565 1802 4650 quidem
1852 4588 1930 4629 ex
1977 4563 2311 4646 naufragio
2359 4563 2651 4629 nonnihil
2699 4564 2961 4629 madore
3012 4568 3349 4648 corruptae
3399 4586 3516 4628 nec
3563 4564 3732 4628 lectu
3764 4563 3919 4627 satis
3956 4562 4309 4646 expeditae,
4347 4567 4510 4627 cete-

1542 4708 1685 4749 rum
1733 4682 2173 4748 incredibilem
2223 4685 2539 4764 spirantes
2587 4682 3058 4748 humanitatem
3110 4681 3264 4765 (qua
3310 4683 3567 4764 virtute,
3603 4688 3678 4746 ut
3714 4682 3957 4764 inclyta
3989 4682 4166 4747 natio
4199 4687 4414 4745 vestra
4445 4681 4510 4743 in

1545 4802 1685 4866 aliis
1731 4803 2074 4885 plerisque,
2110 4802 2199 4864 sic
2245 4807 2317 4865 tu
2363 4802 2431 4863 in
2476 4802 2616 4883 ipsa
2662 4802 2921 4865 natione
2971 4807 3086 4864 tua
3127 4801 3475 4883 plurimum
3530 4799 3809 4879 excellis)
3847 4805 3928 4881 et,
3965 4799 4135 4882 quod
4170 4804 4363 4882 caput
4396 4804 4510 4878 est,

1545 4926 1811 4985 onustae
1858 4941 2121 4983 munere
2171 4920 2621 5002 crystallorum
2670 4920 2998 5004 telescopii
3046 4919 3231 5000 longe
3282 4920 3740 5003 acceptissimo,
3801 4941 3923 5001 quo
3980 4919 4103 4982 nisi
4156 4918 4513 5000 pertinacia

1545 5039 1772 5103 silendi
1819 5038 2083 5103 tandem
2133 5045 2549 5120 expugnetur,
2585 5037 2710 5102 levi
2755 5038 2918 5103 forte
2963 5039 3214 5102 crimini
3248 5039 3469 5103 rustici
3499 5037 3760 5121 pudoris
3794 5036 4243 5119 gravissimum
4275 5036 4513 5116 ingrati

1544 5159 1743 5221 animi
1791 5158 1993 5221 scelus
2044 5157 2350 5221 adiecisse
2396 5156 2678 5221 videbor.
2733 5156 2989 5221 Gratias
3037 5159 3276 5240 itaque,
3313 5179 3470 5240 quas
3523 5158 3800 5220 muneris
3838 5163 3901 5220 et
3931 5179 4044 5239 per
4093 5178 4157 5219 se
4207 5176 4508 5236 magnum

1541 5276 1821 5356 pretium
1870 5280 1933 5338 et
1982 5296 2059 5337 ex
2108 5274 2319 5338 dantis
2369 5275 2581 5337 animo
2631 5273 2936 5338 benevolo
2986 5274 3190 5336 maius
3234 5274 3445 5337 adhuc
3476 5274 3801 5337 redditum
3834 5274 4139 5354 postulat,
4174 5295 4291 5352 ago
4325 5272 4509 5351 longe

1688 5505 1740 5545 (1¹
1779 5510 1869 5556 cfr.
1906 5520 1973 5554 n.0
2008 5510 2144 5555 3322.

4545 1720 4605 1766 20

4553 4218 4611 4264 10
