5400 6817
1555 690 1670 748 278
2707 697 2741 755 6
2786 708 3165 792 FEBBRAIO,
3197 702 3370 763 1638.
4293 705 4514 790 [3671]

1554 856 1790 923 aulicos
1836 860 2210 945 praecipuos
2255 861 2351 927 ita
2395 861 2767 929 informavit
2817 861 3263 931 Scheunerus‘?
3299 869 3569 935 scilicet:
3616 894 3642 927 «
3673 871 3749 935 In
3791 873 4042 956 scriptis
4074 876 4358 959 parentis
4391 878 4520 941 mei

1550 976 1906 1061 posthumis
1940 978 2147 1044 multa
2180 980 2495 1046 contineri
2533 984 2945 1066 prognostica
2990 985 3056 1049 in
3102 987 3569 1069 praeiudicium
3602 989 3845 1055 Domus
3880 988 4256 1057 Austriacae
4292 993 4516 1059 ceden-

1549 1094 1644 1161 tia
1675 1115 1735 1175 »3
1783 1095 1959 1180 item,
2013 1120 2041 1154 «
2074 1096 2565 1167 Observationes
2607 1101 2924 1186 Tychonis
2957 1102 3212 1188 Brahei,
3248 1129 3277 1163 »
3331 1105 3515 1191 (quas
3566 1130 3680 1192 ego
3713 1109 3848 1172 iure
3882 1111 4277 1195 retentioniS,
4314 1134 4511 1197 usque

1551 1213 1837 1280 debitum
1885 1238 1964 1281 ex
2011 1216 2281 1284 Oamera
2321 1218 2649 1304 Imperiali
2678 1221 2860 1287 nobis
2894 1222 3278 1289 haeredibus
3312 1226 3680 1292 adhucdum
3715 1227 4088 1294 solvendum
4138 1236 4511 1315 exponatur,

1546 1334 1866 1419 possideo)
1924 1359 1954 1392 «
1984 1341 2058 1403 ut
2104 1342 2167 1403 et
2216 1338 2533 1423 quaedam
2581 1361 2659 1404 ex
2708 1341 3004 1424 operibus
3045 1346 3332 1427 parentis
3374 1346 3518 1429 mei,
3561 1347 3769 1412 instar
3815 1347 4106 1414 thesauri
4149 1372 4283 1415 esse
4328 1354 4514 1416 aesti-

1547 1452 1804 1535 manda,
1835 1460 1898 1520 et
1928 1461 2287 1540 propterea,
2322 1479 2401 1522 ne
2436 1458 2729 1524 omnibus
2763 1460 3186 1545 innotescant,
3219 1464 3287 1528 in
3319 1462 3710 1531 bibliotheca
3741 1465 4072 1551 Imperiali
4103 1470 4509 1554 reservanda,

1544 1593 1660 1654 pro
1684 1572 1918 1639 notitia
1942 1574 2132 1639 solius
2159 1574 2572 1660 Imperatoris
2600 1585 2663 1644 et
2686 1600 3039 1663 paucorum
3066 1579 3313 1665 quibua
3343 1606 3421 1648 ex
3446 1584 3755 1666 singulari
3779 1588 4008 1668 gratia,
4034 1587 4118 1651 ad
4142 1611 4292 1652 usus
4319 1590 4514 1656 libros

1543 1689 1699 1754 istos
1725 1690 1879 1755 velit
1909 1692 2253 1760 concedere
2286 1717 2338 1758 ».
2378 1694 2608 1779 Quare,
2637 1701 2787 1762 ante
2820 1697 3313 1781 quadriennium
3338 1702 3547 1784 modo,
3574 1724 3875 1785 praesens
3908 1701 4366 1790 Imperator<1’,
4400 1730 4514 1792 per

1545 1805 1858 1873 Comitem
1884 1808 2567 1877 Trautmansdorffium
2586 1806 2640 1854 (²)
2671 1815 2843 1898 apud
2864 1837 3145 1881 sororem
3171 1839 3401 1899 meam,
3429 1818 3690 1885 viduam
3715 1820 4208 1888 Bartschianam
4225 1818 4277 1863 (3³
4309 1824 4513 1907 (cuius

1545 1926 1871 1992 custodiae
1928 1927 2082 1994 dicti
2140 1928 2291 1993 libri
2346 1936 2485 1995 tum
2546 1937 2732 1997 erant
2793 1917 3168 2017 concrediti)
3216 1935 3510 2001 Laubani
3565 1938 3869 2004 Lusatiae
3934 1940 4289 2025 degentem,
4349 1945 4511 2009 serio

1543 2047 1711 2129 cepit
1755 2046 2095 2130 inquirere,
2146 2046 2256 2112 ubi
2302 2049 2474 2115 sint?
2525 2058 2680 2134 quot
2728 2052 2901 2117 sint‘?
2952 2060 3015 2119 et
3062 2076 3146 2118 an
3192 2052 3576 2138 Imperatori
3622 2058 3871 2140 petenti
3916 2059 4173 2125 tradere
4211 2060 4363 2125 velit
4396 2084 4512 2126 nec

1540 2166 1666 2232 ne‘?
1714 2164 1981 2231 Interim
2031 2167 2323 2233 absentia
2370 2192 2533 2254 mea,
2585 2172 2736 2256 quia
2783 2195 2885 2237 me
2932 2194 3060 2238 non
3109 2175 3543 2239 consentiente
3590 2177 3659 2240 in
3689 2176 3810 2242 hoc
3844 2179 4103 2261 negocio
4137 2201 4511 2263 responsum

1545 2284 1698 2351 dare
1747 2307 1876 2350 non
1921 2286 2152 2370 potuit,
2200 2287 2411 2370 ipsum
2460 2291 2805 2356 excusavit.
2856 2290 2993 2374 Ego
3041 2292 3299 2357 interim
3349 2293 3428 2358 ob
3475 2300 3925 2379 paupertatem
3982 2299 4175 2362 variis
4232 2299 4511 2381 agitatus

1541 2428 1684 2470 sum
1729 2404 2024 2471 fortunae
2071 2406 2386 2490 procelliS,
2439 2413 2501 2472 et
2549 2410 2810 2493 quidem
2855 2434 2970 2495 per
3017 2414 3225 2479 varios
3275 2434 3488 2494 casus3
3539 2438 3653 2499 per
3700 2417 3921 2481 literas
3971 2426 4187 2484 autem
4244 2428 4505 2486 vocatus

1542 2546 1581 2588 a
1645 2546 1879 2606 sorore,
1949 2532 2290 2607 penetrare
2357 2532 2622 2592 conatus
2689 2551 2849 2612 sum,
2919 2537 3113 2614 atque
3176 2532 3384 2596 nudus
3443 2555 3521 2596 ex
3576 2535 3774 2619 spolio
3832 2536 4109 2602 militum
4168 2537 4505 2604 Caesarea-

1540 2664 1770 2708 norum
1834 2642 1918 2707 ad
1975 2666 2254 2709 sororem
2311 2647 2473 2728 veni,
2533 2668 2728 2730 quam
2783 2648 2990 2732 ipsam
3046 2672 3296 2733 quoque
3354 2673 3605 2716 summa
3657 2675 3945 2735 pressam
4002 2660 4284 2739 egestate
4341 2657 4505 2721 salu-

1541 2762 1692 2826 tavi.
1744 2760 2146 2828 Vestimenta
2194 2764 2278 2828 ad
2327 2788 2554 2850 corpus
2603 2774 2828 2833 contra
2873 2769 3138 2833 iniurias
3179 2769 3507 2855 hyemales
3557 2774 3920 2856 tutandum,
3971 2781 4043 2840 ut
4092 2781 4154 2839 et
4200 2777 4505 2841 viaticum

1540 2901 1655 2963 pro
1702 2879 1930 2945 itinere
1987 2880 2334 2947 Viennensi
2395 2884 2817 2968 suscipiendo,
2883 2888 3139 2970 praxim
3205 2890 3557 2955 exercendo
3620 2891 3956 2974 medicam,
4019 2895 4192 2959 intra
4254 2919 4501 2960 mensos

1535 3022 1792 3084 paucos,
1845 3004 2228 3086 comparavi.
2280 3004 2597 3069 Viennam
2646 3013 2795 3071 ante
2852 3030 3098 3072 menses
3164 3030 3389 3074 novem
3450 3009 3773 3093 profectus
3842 3034 4002 3096 sum,
4054 3012 4227 3079 dicta
4288 3022 4502 3081 autem

1535 3121 1973 3205 manuscripta
2020 3122 2234 3187 omnia
2280 3124 2347 3186 in
2393 3124 2605 3188 locum
2655 3124 2853 3190 alium
2900 3127 3202 3192 tutiorem
3272 3130 3738 3212 transportavi:
3798 3129 4184 3214 Imperatori
4247 3134 4500 3199 interim

1537 3239 1822 3305 Viennae
1870 3241 2215 3324 miseriam,
2267 3242 2414 3307 inde
2463 3243 2544 3308 ab
2594 3243 2776 3311 obitu
2819 3248 3106 3330 parentis
3155 3250 3359 3313 nostri
3389 3271 3779 3334 perpessam,
3817 3250 4133 3316 coloribus
4168 3255 4351 3337 quasi
4399 3253 4502 3318 do-

1533 3359 1746 3443 pinxi,
1798 3381 1984 3444 opem
2030 3359 2247 3444 ipsius,
2299 3360 2587 3427 debitum
2634 3364 2957 3447 solvendo,
3007 3365 3383 3450 imploravi:
3434 3366 3595 3431 nihil
3641 3373 3861 3433 tamen
3908 3372 4196 3453 responsi
4228 3394 4340 3454 per
4373 3379 4501 3438 tros

1534 3478 1816 3561 integros
1866 3500 2111 3544 menses
2161 3479 2448 3545 obtinere
2494 3483 2694 3565 potui.
2748 3481 2957 3547 Causa
3001 3482 3123 3549 fuit
3171 3485 3323 3568 qu⁸ia
3371 3484 3769 3550 Scheunerus
3820 3487 4107 3553 Viennae
4153 3512 4499 3572 praesens3

1537 3598 1714 3661 cuius
1759 3597 2068 3665 instinctu
2116 3598 2464 3682 decretum,
2515 3599 2595 3664 ab
2644 3599 3040 3686 Imperatore
3097 3604 3359 3689 propria
3416 3626 3611 3669 manu
3670 3604 4121 3691 subscriptum,
4181 3607 4334 3672 dum
4391 3632 4503 3692 ego

1538 3739 1798 3782 causam
1846 3739 2057 3783 meam
2103 3719 2170 3782 in
2217 3718 2365 3784 aula
2407 3721 2701 3803 tractavi,
2738 3720 3119 3787 mittebatur
3154 3722 3236 3787 ad
3268 3722 3589 3788 Baronem
3622 3724 3944 3807 quendam
3978 3725 4354 3810 Bohemum,
4389 3750 4505 3811 pro

1538 3835 1934 3924 inquirendis
1984 3843 2065 3919 et,
2115 3837 2359 3904 nolenti
2405 3837 2662 3922 volenti,
2714 3839 3128 3923 surripiendis
3179 3842 3381 3906 sorori
3427 3841 3608 3906 libris
3655 3843 3794 3908 istis
3857 3847 4326 3930 manuscriptis.
4380 3845 4505 3910 Sed

1539 3958 1603 4018 et
1647 3954 1756 4018 isti
1803 3961 2066 4021 conatus
2113 3955 2374 4021 fuerunt
2419 3957 2786 4041 frustranei,
2838 3960 2990 4042 quia
3036 3960 3166 4024 iam
3213 3966 3470 4044 praeter
3520 3984 3620 4026 me
3667 3984 3854 4027 nemo
3902 3964 4022 4028 scit
4070 3964 4181 4027 ubi
4221 3963 4368 4027 libri
4414 3965 4503 4028 la-

1537 4078 1750 4140 teant:
1786 4096 1964 4139 soror
1997 4079 2213 4140 autem
2246 4098 2359 4159 per
2394 4098 2717 4143 cursorem
2753 4078 3024 4143 celerem
3058 4078 3218 4144 talia
3251 4101 3351 4144 me
3386 4083 3863 4163 quamprimum
3896 4083 4127 4145 rescire
4153 4082 4331 4161 fecit,
4369 4084 4502 4165 qui-

1536 4190 1654 4256 bus
1702 4192 2063 4275 intellectiS,
2107 4215 2221 4276 ego
2254 4195 2476 4261 statim
2527 4200 2752 4261 contra
2799 4196 3169 4262 violentiam
3208 4201 3600 4280 protestatus
3636 4221 3776 4261 sum
3811 4197 3984 4281 apud
4016 4198 4499 4282 Imperatorem,

1539 4316 1601 4374 et
1649 4309 1907 4395 quidem
1954 4313 2210 4377 nomine
2258 4313 2455 4378 totius
2504 4313 2894 4397 reipublicae
2929 4315 3274 4380 literariae.
3312 4314 3717 4382 Consiliarios
3752 4316 4091 4401 plerosque
4126 4317 4501 4383 dehortatus

1537 4451 1679 4493 sum
1712 4451 1750 4494 a
1783 4431 2354 4497 consultationibus
2383 4454 2545 4516 quae
2577 4433 2643 4495 in
2676 4433 3141 4518 praeiudicium
3176 4456 3250 4499 ac
3282 4435 3699 4517 ignominiam
3732 4434 4145 4519 Imperatoris
4179 4438 4501 4520 totiusque

1536 4548 1926 4634 reipublicae
1972 4551 2297 4617 literariae
2353 4552 2813 4619 detrimentum
2870 4554 3094 4620 cedere
3147 4559 3426 4638 possent,
3485 4559 3677 4639 atque
3733 4553 3980 4619 facinus
4037 4555 4382 4620 Scheuneri
4435 4557 4502 4620 in

1535 4668 1936 4735 IllustriSS.am
1967 4671 2280 4736 Excell.am
2313 4672 2483 4737 Vfam
2529 4679 2973 4757 perpetratum
3019 4697 3134 4757 pro
3185 4682 3563 4757 argumento
3596 4679 3932 4740 secuturae
3964 4674 4272 4758 perfidiae
4306 4676 4502 4739 intro-

1537 4787 1710 4871 duxi,
1758 4787 1983 4872 hisque
2031 4790 2549 4875 persuasionibus
2599 4814 2637 4856 a
2683 4792 2900 4859 multis
2952 4792 3482 4878 approbationem
3537 4795 3860 4860 rationum
3920 4816 4209 4860 mearum
4259 4787 4505 4859 obtinui

1535 4928 1649 4989 per
1695 4908 1976 4991 privatos
2027 4907 2379 4988 discursus3
2430 4909 2542 4974 ubi
2589 4915 2805 4975 autem
2840 4911 2924 4975 ad
2966 4912 3230 4977 consilia
3276 4911 3533 4997 publica
3566 4917 4018 4994 convenerunt,
4054 4914 4311 4978 omnino
4361 4935 4505 4978 con-

1537 5026 1739 5090 traria
1788 5025 2046 5091 decreta
2091 5026 2509 5093 fabricarunt.

1685 5143 1842 5210 Vult
1889 5145 2248 5228 Imperator
2296 5146 2416 5210 sibi
2467 5147 2641 5211 tradi
2696 5152 2760 5211 et
2807 5147 3282 5214 observationes
3335 5148 3728 5233 Tychonicas
3788 5154 3851 5215 et
3907 5153 4347 5248 manuscripta
4394 5174 4503 5236 pa-

1539 5263 1735 5325 rentis
1783 5265 1910 5326 mei
1954 5264 2299 5345 posthuma
2346 5267 2572 5343 simul;
2625 5266 2703 5328 de
2752 5262 3065 5331 solutione
3115 5272 3332 5330 autem
3385 5272 3461 5330 13
3497 5266 3770 5331 millium
3803 5268 4191 5333 florenorum
4241 5269 4503 5333 Germa-

1684 5436 1735 5472 ‹1›
1771 5439 2094 5484 FERDJNANDO
2130 5441 2214 5484 111.
3204 5439 3254 5478 <³3³
3280 5442 3504 5488 SUSANNA
3527 5443 3933 5496 KEPLER‚vedova
3950 5444 3999 5488 (11
4018 5444 4241 5489 01100110
4258 5444 4502 5490 BAarscH.

1684 5517 1735 5555 (ἓ)
1771 5520 2153 5578 MAssnnLrANo,
2187 5521 2327 5566 conte
2353 5520 2399 5565 di
2424 5521 2965 5568 TRAUTTMANNSDORFF.

4550 1130 4613 1177 20

4549 2316 4612 2365 30

4544 3507 4604 3555 40

4540 4689 4603 4736 50
