5400 6817
934 3164 997 3212 30

937 4356 999 4402 40

1025 700 1253 788 [3421]
2178 704 2255 765 26
2300 713 2627 766 GENNAro
2673 703 2847 767 1637.
3923 702 3996 764 19

1172 874 1510 942 Intellecta
1557 876 1989 961 propositione
2036 881 2169 958 tua,
2221 875 2463 960 gratias
2524 896 2653 939 non
2713 880 2970 941 tantum
3036 895 3219 957 egere
3282 871 3692 939 Nobilissimo
3753 872 3998 960 RealiO,

1023 1020 1245 1064 verum
1293 1002 1365 1062 ut
1413 997 1610 1062 etiam
1656 998 1708 1061 is
1756 996 2200 1063 Dominationi
2244 1001 2496 1062 vestrae
2544 995 2829 1081 ipsorum
2874 997 3132 1062 nomine
3181 1016 3377 1079 quain
3409 996 3724 1062 maximas
3759 1001 3997 1081 ageret,

1025 1117 1381 1201 petierunt3
1429 1115 1605 1180 facta
1652 1116 2093 1202 promissione,
2138 1116 2193 1179 si
2237 1115 2569 1180 inventum
2614 1112 2934 1178 iudicetur
2979 1114 3167 1197 praxi
3219 1113 3745 1199 reperiendarum
3800 1114 3999 1199 longi-

1025 1235 1323 1325 tudinum
1370 1234 1692 1318 idoneum,
1742 1256 1872 1300 non
1917 1256 2045 1300 uno
2107 1232 2296 1300 modo
2356 1232 2879 1299 Dominationem
2939 1237 3221 1297 vestram
3282 1231 3652 1299 ulteriorem
3714 1234 3998 1316 ipsorum

1027 1355 1488 1437 gratitudinem
1536 1354 1959 1440 laborumque
2009 1355 2595 1440 compensationem
2644 1358 3075 1437 experturam.
3119 1351 3306 1435 Hinc,
3341 1352 3426 1417 ad
3459 1371 3727 1419 examen
3757 1354 4003 1418 inventi

1026 1476 1123 1540 tui
1156 1481 1219 1540 et
1250 1475 1447 1541 totius
1472 1476 1714 1558 negotii
1736 1476 2227 1560 promotionem,
2257 1474 2788 1540 commendarunt
2820 1473 3003 1541 nobis
3036 1473 3263 1558 tribuS,
3291 1475 3534 1542 scilicet
3565 1474 3726 1542 Nob.
3754 1475 3998 1559 Realio,

1028 1593 1345 1674 Ortensio,
1381 1592 1669 1676 Blauvio,
1704 1600 1796 1676 ut,
1830 1600 1977 1679 post
2026 1615 2220 1678 quam
2269 1593 2683 1660 Nobilissima
2714 1593 3084 1672 Dominatio
3117 1600 3331 1660 vestra
3364 1597 3579 1661 omnia
3612 1617 3775 1680 quae
3806 1617 4001 1681 penes

1027 1740 1093 1781 se
1141 1715 1339 1781 habet
1384 1718 1696 1801 requisita
1744 1715 2124 1799 exhibuerit,
2160 1738 2290 1782 non
2320 1715 2512 1782 modo
2547 1737 2623 1781 ea
2656 1716 3112 1800 expendamus,
3147 1738 3370 1781 verum
3406 1717 3600 1781 etiam
3634 1713 3718 1779 ad
3746 1716 4001 1800 praxim

1027 1858 1415 1919 revocemus,
1450 1836 1768 1921 primique
1815 1838 1987 1902 viam
2035 1858 2110 1902 ac
2158 1836 2422 1902 modum
2471 1834 2737 1901 eruditis
2784 1835 3197 1902 ostendamus
3236 1835 3668 1919 longitudines
3715 1835 4001 1902 locorum

1028 1976 1143 2037 per
1191 1953 1410 2018 orbem
1458 1959 1781 2018 terrarum
1826 1954 2066 2039 passim
2115 1953 2519 2018 emendandi.

1174 2071 1353 2138 Haec
1401 2078 1550 2139 sunt
1598 2095 1763 2157 quae
1810 2074 1877 2138 in
1925 2095 2120 2138 causa
2168 2072 2637 2140 Dominationis
2686 2079 2936 2138 vestrae
2987 2093 3204 2139 coram
3243 2071 3707 2142 Illustrissimis
3750 2072 4004 2138 Ordini-

1026 2191 1144 2256 bus
1191 2193 1588 2276 peregimus3
1641 2215 1806 2276 quae
1854 2194 1907 2257 si
1955 2199 2144 2275 grata
2189 2192 2452 2276 habeas,
2502 2197 2792 2278 superest
2839 2198 2914 2258 ut
2958 2192 3322 2257 necessaria
3368 2191 3584 2257 media
3629 2191 3812 2258 nobis
3858 2215 4004 2277 pro-

1030 2332 1229 2392 cures,
1266 2331 1430 2395 quae
1479 2309 1563 2373 ad
1610 2299 2047 2376 inchoandum
2094 2311 2216 2377 hoc
2264 2333 2420 2396 opus
2471 2309 2793 2376 scribebas
2840 2333 3034 2395 penes
3083 2314 3147 2375 te
3184 2311 3316 2375 iam
3346 2317 3580 2396 parata
3611 2310 3855 2395 adesse,
3891 2317 4004 2377 aut

1031 2427 1242 2493 adhuc
1288 2429 1601 2493 mansisse
1652 2429 2097 2513 excogitanda,
2134 2452 2299 2515 quae
2345 2453 2461 2496 nos
2511 2451 2763 2514 quoque
2812 2429 3162 2496 admodum
3197 2428 3381 2496 avide
3428 2431 3560 2496 iam
3608 2429 3852 2496 dudum
3902 2454 4006 2496 ex-

1028 2553 1380 2633 pectamus,
1434 2547 1558 2614 Sed
1605 2549 1878 2616 fortasse
1929 2551 2180 2616 curiosa
2213 2555 2310 2616 est
2340 2549 2502 2616 Nob.
2537 2549 2722 2616 Dom.
2754 2549 2829 2615 V.
2865 2549 3126 2633 sciendi,
3162 2549 3318 2635 quid
3349 2550 3475 2616 hac
3508 2551 3586 2616 de
3618 2574 3687 2617 re
3719 2573 3833 2617 nos
3866 2574 4007 2617 sen-

1029 2669 1288 2751 tiamus,
1325 2673 1388 2732 et
1436 2690 1520 2733 an
1566 2692 1695 2735 non
1743 2670 1960 2755 aliqua
1995 2668 2192 2734 dubia
2222 2669 2406 2735 nobis
2441 2672 2610 2735 inter
2643 2669 3051 2754 quotidianos
3085 2692 3247 2755 pene
3282 2692 3602 2738 sermones
3641 2671 4002 2737 inciderint.

1029 2789 1125 2854 De
1171 2790 1247 2854 iis
1295 2789 1492 2872 igitur
1530 2788 1776 2874 aliquid
1809 2790 2040 2871 dicam,
2078 2788 2250 2875 quod
2280 2778 2725 2855 Dominationi
2754 2796 3008 2857 vestrae
3044 2788 3211 2856 dabo
3245 2811 3459 2856 secum
3495 2790 4003 2876 expendendum.

1178 2908 1332 2976 Post
1389 2907 1644 2974 crebras
1702 2912 1870 2976 inter
1926 2933 2040 2976 nos
2088 2911 2157 2975 in
2202 2915 2546 2995 utramque
2605 2915 2859 2995 partem
2908 2911 3395 2995 disputationes,
3444 2912 3651 2977 visum
3699 2917 3796 2976 est
3841 2910 4003 2977 Nob.

1030 3029 1253 3095 Realio
1306 3037 1369 3095 et
1413 3028 1702 3113 Blauvio,
1738 3032 2072 3098 inventum
2117 3029 2590 3096 Dominationis
2638 3029 2738 3112 V.,
2790 3028 2869 3095 ob
2917 3052 3238 3095 summam
3287 3030 3568 3115 quietem
3602 3051 3766 3116 quae
3800 3031 4008 3115 requi-

1034 3149 1200 3214 ritur
1246 3151 1417 3215 inter
1464 3148 1956 3232 observandum,
1990 3151 2059 3214 in
2105 3151 2271 3215 mari
2316 3172 2446 3215 non
2491 3171 2676 3233 posse
2722 3150 3011 3215 revocari
3058 3147 3143 3213 ad
3187 3151 3460 3234 praxim.
3509 3149 3648 3235 Ego
3695 3173 3844 3216 vero
3891 3172 4008 3237 pro

1033 3268 1489 3334 Dominatione
1536 3274 1750 3334 vestra
1800 3268 2268 3335 contendebam
2314 3268 2602 3333 sufficere
2650 3270 2704 3333 si
2749 3269 2881 3333 iam
2927 3290 3098 3333 nunc
3129 3267 3199 3332 in
3243 3273 3419 3334 terra
3466 3269 3550 3334 ad
3595 3290 3783 3334 usum
3831 3293 4009 3336 revo-

1036 3388 1168 3453 cari
1212 3387 1433 3472 possit,
1486 3389 1720 3474 quippe
1767 3388 1918 3454 hinc
1962 3387 2226 3470 insulaS,
2260 3395 2484 3473 portus
2533 3409 2773 3469 omnes,
2810 3409 2935 3471 quo
2969 3386 3054 3453 ad
3091 3386 3595 3453 meridianorum
3644 3386 4006 3470 distantiaS,

1032 3527 1217 3587 posse
1265 3504 1641 3585 rectificari3
1691 3506 1942 3591 reliqua
1990 3505 2504 3572 commendanda
2539 3526 2672 3570 esse
2706 3505 3062 3570 industriae
3094 3503 3437 3587 humanae,
3476 3528 3639 3590 quae
3670 3505 3772 3571 vel
3804 3507 4007 3589 magis

1037 3624 1242 3689 ardua
1287 3631 1427 3688 tum
1473 3626 1736 3708 invenit,
1786 3632 1927 3691 tum
1975 3626 2333 3711 superavit:
2399 3624 2501 3690 cui
2560 3646 2742 3690 meae
2806 3624 3163 3690 sententiae
3224 3632 3371 3707 post
3434 3625 3697 3691 modurn
3762 3631 3825 3690 et
3887 3626 4011 3709 ipsi

1036 3743 1509 3827 acquieverunt.

1183 3863 1350 3927 Hinc
1397 3862 1476 3926 de
1522 3862 1868 3947 telescopio
1919 3885 2108 3947 agere
2159 3865 2502 3950 coepimus,
2540 3865 3092 3949 comperimusque
3138 3865 3320 3930 nulla
3366 3866 3434 3930 in
3478 3864 3752 3932 Batavia
3797 3865 4008 3949 hodie,

1037 4004 1201 4065 quae
1249 3989 1503 4047 tantam
1549 3984 2013 4068 praecisionem
2060 3983 2349 4067 polliceri
2396 3990 2636 4067 queant
2684 3990 2929 4068 quanta
2975 3984 3060 4049 ad
3109 4006 3214 4050 eas
3274 3984 3748 4052 observationes
3803 3988 4012 4070 requi-

1036 4102 1230 4166 ritur:
1281 4101 1490 4168 solent
1539 4105 1709 4168 enim
1758 4105 1955 4169 etiam
2003 4105 2249 4190 optima
2300 4104 2546 4170 discum
2591 4102 2759 4169 Iovis
2807 4104 3129 4170 hirsutum
3185 4104 3410 4170 offerre
3460 4112 3524 4172 et
3570 4105 3739 4171 male
3793 4108 4011 4173 termi-

1037 4229 1282 4305 natum,
1333 4223 1503 4287 unde
1550 4221 1820 4289 Ioviales
1869 4223 1937 4287 in
1986 4224 2117 4288 eius
2165 4224 2400 4290 vicinia
2445 4245 2575 4289 non
2620 4229 2793 4288 recte
2843 4224 3364 4308 conspiciuntur;
3423 4224 3605 4309 atqui
3655 4225 3834 4291 novit
3886 4224 4012 4291 Do-

1038 4343 1305 4408 minatio
1343 4348 1554 4407 vestra
1584 4343 1828 4426 requiri
1857 4344 1926 4407 in
1957 4343 2181 4426 primis
2214 4348 2353 4407 tam
2384 4342 2721 4409 Iovialium
2757 4365 2951 4427 quam
2982 4341 3149 4409 Iovis
3186 4342 3390 4410 discos
3423 4342 3586 4410 bene
3609 4345 4009 4427 terminatos,

1033 4466 1107 4524 ut
1155 4462 1629 4527 coniunctiones
1680 4469 1743 4527 et
1791 4462 2175 4527 emersiones
2223 4462 2398 4528 intra
2444 4485 2643 4526 unum
2690 4463 2998 4547 temporis
3033 4462 3354 4527 minutum
3402 4463 3525 4528 rite
3573 4463 4008 4530 observentur.

1039 4580 1223 4657 Quod
1272 4587 1335 4646 et
1383 4580 1437 4644 si
1486 4602 1524 4643 a
1569 4581 1914 4666 telescopio
1964 4581 2436 4647 Dominationis
2484 4585 2735 4646 vestrae
2782 4580 2960 4645 haud
3008 4579 3449 4646 dubitaremus
3498 4584 3834 4666 praestari,
3882 4604 4012 4649 non

1040 4707 1260 4764 tamen
1305 4698 1581 4764 vidimus
1632 4699 1950 4783 quomodo
1998 4700 2067 4763 in
2112 4698 2438 4765 Holandia
2484 4703 2622 4763 tam
2673 4701 2991 4783 exquisita
3030 4721 3358 4784 possemus
3391 4701 3693 4783 nancisci,
3728 4700 4013 4785 quando-

1039 4818 1297 4901 quidem
1347 4839 1564 4883 omnes
1613 4817 1894 4883 artifices
1941 4818 2134 4883 rudes
2185 4820 2549 4903 experimur
2599 4823 2662 4882 et
2720 4817 3072 4902 dioptricae
3136 4841 3331 4902 quam
3394 4820 3674 4884 maxime
3733 4820 4009 4902 ignaros,

1038 4939 1267 5024 Itaque
1315 4939 1672 5023 rogandam
1723 4940 2083 5006 censuimus
2131 4939 2655 5006 Dominationem
2701 4946 3005 5023 vestram,
3066 4962 3148 5004 an
3204 4963 3334 5006 non
3388 4940 3650 5026 aliquod
3703 4941 4012 5006 auxilium

1039 5062 1272 5126 nostris
1322 5059 1674 5125 artificibus
1723 5064 2056 5146 praestare
2107 5067 2320 5145 queat,
2357 5067 2429 5126 ut
2474 5060 2893 5145 telescopium
2941 5059 3027 5126 ad
3072 5059 3381 5126 maiorem
3427 5061 3884 5146 perfectionem
3916 5085 4014 5127 re-

1042 5179 1345 5256 ducatur3
1398 5202 1792 5262 quamquam
1843 5201 1957 5262 ego
2004 5201 2120 5264 pro
2169 5202 2314 5244 mea
2360 5185 2546 5263 parte
2593 5201 2948 5263 numquam
2995 5179 3103 5242 hic
3151 5178 3641 5262 desperaverim,
3685 5179 3799 5244 sed
3842 5180 4013 5245 viam

1038 5298 1344 5377 noverim,
1375 5296 1458 5360 ad
1492 5296 1691 5361 talem
1723 5296 2132 5381 perfectionis
2168 5296 2461 5379 gradum,
2498 5296 2609 5379 qui
2639 5296 2936 5361 instituto
2968 5294 3500 5360 inveniendarum
3541 5295 4013 5378 longitudinum

1040 5414 1331 5495 sufficiat,
1366 5415 1782 5498 telescopium
1829 5415 2102 5480 feliciter
2147 5414 2560 5500 perducendi.

1182 5561 1323 5609 Lett.
1357 5558 1515 5606 3421.
1552 5558 1622 5603 16.
1658 5560 1831 5604 scilicet
1862 5559 1991 5604 nobis
2023 5558 2190 5604 Realio
2213 5583 2271 5592 —
2297 5558 2465 5604 28-29.
2500 5559 2644 5603 vicum
2679 5566 2743 5603 eat
2774 5558 2903 5604 nobie
2934 5558 3104 5604 Realio
3128 5583 3183 5591 —
3209 5557 3285 5604 38.
3318 5559 3455 5604 etiam
3488 5558 3650 5617 optimi
3682 5557 3857 5604 discum
3881 5584 3935 5590 -
