5400 6817
897 2939 957 2986 10

985 698 1210 785 [3574]
2137 706 2212 767 10
2255 714 2591 768 OTTOBRE
2638 705 2811 766 1637.
3839 700 3953 763 195

2342 1102 2607 1184 3574.

1456 1313 1645 1372 ELIA
1683 1314 2015 1373 DIODATI
2053 1336 2088 1373 a
2124 1314 2486 1374 MARTINO
2529 1314 2917 1374 ORTENSIO
2956 1312 3043 1391 [in
3081 1312 3498 1391 Amsterdam].

2113 1457 2316 1520 Pau-igi,
2350 1411 2411 1509 10
2444 1458 2657 1510 ottobre
2693 1460 2830 1509 1637.

985 1684 1072 1729 Dal
1106 1685 1249 1732 Tomo
1285 1686 1374 1741 III,
1408 1699 1519 1745 pag.
1542 1686 1776 1745 450-451,
1809 1686 1919 1734 dell'
1934 1686 2150 1734 edizione
2185 1686 2340 1734 citata
2371 1685 2851 1734 nell'informazione
2883 1699 3128 1745 premessa
3163 1685 3209 1732 al
3242 1696 3314 1732 n.0
3350 1686 3486 1734 1201.

2070 1889 2289 1962 Parigi,
2329 1892 2400 1947 10
2438 1889 2687 1948 Ottobre
2729 1891 2885 1949 1637.

1129 2049 1240 2106 Vix
1280 2052 1387 2119 est,
1425 2050 1472 2106 si
1510 2048 1658 2107 bene
1697 2048 1989 2119 advertas,
2017 2048 2107 2105 vir
2145 2047 2492 2118 Clarissime,
2534 2049 2601 2103 ut
2639 2067 2710 2104 ex
2748 2048 2891 2104 meis
2930 2045 3119 2104 literis
3157 2045 3338 2104 ullum
3377 2044 3486 2102 tibi
3525 2044 3855 2117 praebitum
3896 2046 3974 2102 sit

989 2162 1413 2230 argumentum,
1452 2157 1607 2215 unde
1660 2159 1786 2214 iure
1839 2158 2002 2228 queri
2042 2157 2230 2229 possis
2270 2156 2442 2227 quod,
2483 2160 2721 2228 praeter
2759 2175 2930 2227 (1116111
2970 2175 3078 2227 par
3116 2155 3312 2226 fuerit,
3350 2155 3583 2227 longam
3620 2159 3873 2212 vestram
3912 2157 3972 2211 in

987 2267 1361 2325 rescribendo
1399 2288 1620 2324 moram
1658 2268 2035 2339 impatienter
2073 2265 2325 2323 tulerim.
2366 2265 2578 2323 Verum
2619 2264 2710 2322 his
2751 2266 3139 2336 querimoniis,
3166 2263 3429 2322 literario
3455 2268 3658 2321 nostro
3685 2283 3793 2336 pro
3817 2263 3972 2321 bono

989 2376 1219 2450 publico
1258 2380 1411 2435 circa
1450 2376 1684 2435 Domini
1723 2376 1967 2434 Galilaei
2006 2375 2077 2432 de
2116 2374 2485 2448 longitudine
2523 2376 2823 2448 negotium
2862 2380 3068 2447 coepto
3108 2375 3446 2432 commercio
3485 2374 3718 2430 minime
3770 2393 3973 2430 conve-

989 2487 1299 2559 nientibus,
1340 2486 1710 2560 posthabitis,
1760 2484 2018 2558 illudque
2072 2487 2268 2558 potius
2322 2486 2502 2543 amice
2556 2488 2615 2543 et
2667 2483 2886 2557 sedu10,
2939 2490 3006 2542 ut
3054 2504 3149 2542 res
3202 2483 3481 2558 postulat,
3532 2486 3971 2557 prosequentes,

990 2600 1050 2658 id
1089 2599 1242 2672 quod
1281 2598 1444 2656 vobis
1485 2618 1638 2655 nunc
1675 2617 1817 2670 prae
1854 2596 2121 2655 manibus
2169 2601 2273 2666 est,
2300 2598 2468 2668 serio,
2497 2614 2727 2668 (1116660,
2762 2596 3062 2668 capessite,
3100 2596 3405 2665 iustaeque
3444 2594 3625 2666 ipsius
3666 2591 3737 2649 de
3775 2596 3972 2650 vestro

991 2709 1243 2768 candore
1283 2713 1342 2766 et
1380 2728 1522 2781 erga
1559 2728 1687 2766 eum
1740 2725 1977 2780 remque
2030 2725 2387 2764 communem
2440 2709 2659 2763 testato
2713 2703 2908 2763 studio
2961 2705 3353 2778 expectationi
3402 2700 3758 2775 respondere
3809 2700 3971 2760 vobis

992 2821 1069 2878 sit
1106 2839 1295 2877 curae.

1136 2927 1439 2986 Sententia
1482 2930 1587 2982 tua
1635 2923 1706 2981 de
1753 2926 2156 2981 mensuratore
2201 2922 2481 2995 temporis
2529 2926 2589 2979 et
2639 2920 2712 2979 de
2763 2941 2873 2979 usu
2923 2921 3224 2993 telescopii
3277 2921 3337 2977 in
3388 2918 3766 2979 fluctuatione
3811 2920 3973 2977 navis

999 3038 1277 3110 (quatuor
1314 3035 1388 3093 ab
1425 3035 1561 3093 hinc
1597 3034 1893 3092 mensibus
1930 3031 2095 3092 vobis
2135 3032 2209 3091 ab
2249 3053 2316 3091 eo
2355 3032 2712 3105 patefactis),
2742 3051 2912 3103 quam
2952 3031 3269 3089 novissima
3299 3034 3404 3088 tua
3443 3030 3690 3104 epistola
3726 3030 3867 3087 mihi
3905 3031 3977 3088 si·

997 3146 1288 3221 gnificasti
1312 3144 1383 3217 (1),
1423 3165 1552 3203 611111
1590 3143 1889 3203 verisimili
1927 3147 2159 3202 tantum
2197 3145 2547 3214 coniectura,
2584 3162 2704 3200 non
2742 3145 2937 3200 autem
2976 3145 3137 3199 certa
3176 3144 3235 3200 61
3273 3144 3571 3213 comperta
3610 3142 3868 3212 scientia,
3893 3142 3978 3198 ni-

996 3262 1177 3328 tatur,
1207 3257 1293 3314 rei
1331 3255 1568 3313 veritati
1604 3256 1733 3328 ipso
1772 3256 2172 3327 experimento
2212 3251 2679 3326 comprobandae
2717 3272 2835 3310 non
2874 3255 2965 3311 est
3004 3251 3159 3325 quod
3190 3250 3566 3324 praeiudicet,
3593 3252 3679 3308 ita
3705 3255 3772 3308 ut
3795 3251 3978 3325 ipsius

1000 3369 1150 3425 circa
1176 3366 1316 3423 haec
1344 3364 1458 3423 duo
1480 3366 1673 3437 capita
1692 3365 1947 3435 inventa,
1964 3362 2128 3421 vobis
2148 3362 2399 3435 prodita,
2418 3361 2637 3420 indicta
2663 3382 2840 3420 causa
2866 3348 2900 3420 a
2926 3362 3089 3420 vobis
3116 3362 3277 3419 reiici
3307 3363 3536 3434 possint
3563 3364 3665 3418 aut
3697 3360 3974 3432 debeant3

1000 3476 1313 3547 quinimmo
1351 3474 1545 3546 potius
1584 3472 1685 3529 illa
1723 3472 1783 3546 (a
1819 3471 1983 3530 vobis
2020 3470 2169 3529 bene
2206 3472 2530 3545 percepta),
2556 3490 2662 3544 pro
2701 3472 2960 3529 instituti
2996 3472 3224 3544 negocii
3254 3471 3480 3541 merito,
3506 3473 3777 3527 accurato
3802 3489 3980 3541 opere

1001 3587 1269 3642 extructo
1302 3582 1625 3654 erectisque
1649 3579 1724 3638 ad
1751 3579 1852 3638 illa
1877 3577 2183 3653 probanda
2210 3600 2281 3636 ex
2309 3580 2429 3637 eius
2451 3580 2825 3652 'praescripto
2850 3579 3148 3651 requisitis
3177 3577 3474 3649 111661111116,
3501 3580 3729 3635 attente
3755 3597 3790 3635 a
3813 3577 3979 3636 vobis

1001 3691 1417 3767 perpendenda
1443 3695 1503 3749 et
1527 3690 1881 3749 adamussim
1917 3688 2277 3761 exploranda
2313 3689 2536 3760 forent3
2576 3693 2634 3745 et
2673 3689 2722 3746 si
2762 3687 2900 3759 quid
2926 3689 2986 3745 in
3013 3689 3081 3744 iis
3108 3686 3358 3758 deficiat,
3385 3684 3672 3743 industrie
3698 3685 3977 3757 suppleri,

1002 3801 1390 3877 pollicitisque
1430 3800 1702 3874 praemiis
1741 3800 2058 3873 insignium
2095 3796 2383 3856 artificum
2420 3797 2497 3856 ad
2533 3797 2593 3856 id
2632 3818 2802 3871 opem
2840 3797 3128 3869 advocari,
3167 3796 3425 3869 nihilque
3463 3800 3786 3870 praeterea,
3824 3796 3980 3869 quod

1003 3915 1079 3972 ad
1115 3914 1343 3987 negocii
1380 3913 1804 3987 promotionem
1843 3914 1903 3969 et
1940 3909 2356 3984 perfectionem
2397 3908 2720 3968 conducere
2759 3911 2962 3982 possit,
3000 3929 3033 3966 a
3072 3908 3235 3966 vobis
3273 3908 3685 3981 praetermitti,
3722 3907 3796 3965 ob
3834 3906 3979 3965 duas

899 4039 962 4086 20
1000 4027 1365 4099 potissimum
1414 4024 1671 4080 rationes
1722 4019 2044 4095 optandum
2096 4020 2279 4079 foret:
2334 4018 2507 4092 quod,
2546 4018 2832 4090 videlicet,
2870 4017 3256 4091 longitudinis
3296 4016 3740 4090 investigandae
3776 4015 3981 4076 modus

997 4135 1089 4192 hic
1126 4154 1231 4208 per
1270 4131 1480 4190 Stellas
1520 4130 1832 4201 MediceaS‚
1872 4128 1945 4187 ab
1987 4149 2053 4188 eo
2090 4132 2380 4203 repertuS,
2421 4127 2659 4186 indubie
2698 4130 2777 4185 sit
2816 4147 2986 4185 verus
3031 4123 3096 4184 'et
3143 4131 3369 4200 certus3
3419 4132 3544 4184 tum
3596 4128 3788 4198 etiam,
3829 4126 3980 4198 quod

1001 4246 1147 4301 citra
1184 4262 1406 4300 omnem
1449 4240 1849 4314 exceptionem
1886 4240 1934 4296 is
1976 4240 2052 4297 sit
2090 4241 2150 4296 in
2187 4258 2383 4296 rerum
2423 4242 2638 4295 natura
2668 4238 2873 4295 unicus
2914 4256 2979 4295 ac
3019 4236 3351 4309 singulariS,
3382 4235 3651 4308 quodque
3675 4236 3897 4294 frustra
3923 4238 3984 4294 in

1000 4357 1299 4427 posterum
1326 4352 1401 4409 ad
1428 4372 1553 4410 eam
1580 4371 1699 4409 rem
1728 4350 1800 4409 ab
1829 4350 2157 4409 hominibus
2185 4349 2420 4407 aliunde
2447 4348 2725 4406 auxilium
2753 4350 2831 4405 sit
2858 4345 3301 4419 expectandum.
3331 4346 3544 4418 Quidni
3571 4347 3754 4420 igitur
3778 4345 3983 4403 fidenti

1002 4464 1193 4520 animo
1221 4464 1342 4519 eius
1369 4462 1607 4518 ultimae
1634 4460 1978 4534 perfectioni
2010 4480 2161 4517 nunc
2189 4458 2586 4530 adnitendum,
2615 4461 2674 4516 et
2700 4458 2855 4515 tanti
2880 4459 3317 4529 tantopereque-
3335 4458 3596 4528 exoptati
3621 4455 3758 4513 boni
3785 4456 3986 4513 fruitio

1004 4571 1253 4646 posteris
1295 4576 1384 4627 est
1421 4590 1455 4627 a
1493 4568 1656 4627 vobis
1695 4567 2135 4639 antevertenda,
2164 4588 2291 4625 cum
2330 4566 2402 4625 de
2441 4568 2562 4624 eius
2605 4567 2952 4640 praesertim
2985 4585 3255 4622 successu
3279 4568 3510 4622 tantum
3539 4563 3706 4621 abest
3731 4567 3797 4621 ut
3823 4563 3984 4621 vobis

1005 4683 1080 4740 sit
1107 4679 1551 4753 desperandum,
1580 4680 1718 4751 quin
1744 4680 1939 4753 potius
1969 4677 2039 4735 de
2067 4698 2133 4736 eo
2161 4697 2294 4750 spes
2321 4680 2481 4735 certa
2506 4697 2540 4733 a
2567 4676 2731 4733 vobis
2760 4677 2838 4733 sit
2865 4673 3286 4748 concipienda?
3314 4673 3522 4732 Nullus
3551 4674 3700 4731 enim
3734 4673 3983 4732 hominis

1004 4792 1239 4865 ingenio
1276 4792 1337 4848 in
1373 4789 1549 4847 rebus
1587 4789 1873 4861 humanis,
1914 4789 2283 4860 quantumvis
2322 4786 2537 4858 arduis,
2565 4787 2769 4844 irritus
2809 4785 3090 4843 hactenus
3128 4785 3239 4843 fuit
3263 4784 3448 4856 labor,
3476 4783 3785 4842 dummodo
3812 4782 3984 4842 obfir-

1004 4905 1196 4958 matus
1237 4905 1295 4958 et
1334 4899 1628 4957 assiduus:
1670 4898 1923 4972 idipsum
1962 4899 2236 4956 evincunt
2274 4917 2471 4955 omnes
2513 4899 2669 4954 artes
2710 4899 2769 4953 et
2808 4897 3099 4967 scientiae,
3135 4914 3296 4967 quae,
3336 4896 3396 4953 in
3435 4895 3624 4967 prima
3663 4914 3860 4953 earum
3891 4916 3985 4954 ru-

1006 5012 1191 5068 ditate
1218 5010 1554 5082 productae,
1584 5011 1896 5082 pleraeque
1924 5008 2085 5067 velut
2112 5007 2496 5082 impossibiles
2526 5005 2834 5077 iudicatae,
2861 5011 3067 5079 postea
3092 5010 3304 5076 tamen,
3330 5005 3430 5063 ubi
3457 5005 3781 5079 perpolitae
3812 5006 3982 5077 fuere,

907 5135 970 5181 30
1006 5122 1310 5179 intellectu
1350 5122 1599 5178 cuiusvis
1639 5121 1837 5177 faciles
1880 5124 1938 5177 et
1976 5121 2304 5192 promiscuo
2344 5120 2471 5175 usui
2510 5116 2978 5175 accommodatae
3014 5115 3250 5173 tandem
3291 5119 3618 5173 evaserunt.
3651 5114 3815 5186 Quod
3843 5118 3902 5172 et
3926 5116 3988 5171 in

1151 5309 1289 5354 Lett.
1324 5304 1490 5354 3574.
1526 5306 1571 5351 3.
1602 5306 1703 5350 iure
1737 5305 1900 5365 quaeri
1923 5305 2079 5364 possis
2102 5329 2161 5337 -
2189 5306 2227 5350 7.
2262 5305 2468 5364 iustoque
2495 5328 2549 5335 —
2576 5301 2649 5347 14.
2684 5300 2862 5347 indicta
2895 5316 2946 5346 ea
2981 5316 3012 5345 a
3042 5300 3168 5345 vobis
3193 5325 3243 5332 —-
3273 5299 3347 5346 30.
3381 5299 3558 5344 cuiuvis
3583 5321 3641 5330 --

1157 5531 1212 5569 (¹)
1248 5532 1342 5581 Cfr.
1375 5543 1447 5579 n.0
1480 5532 1615 5583 3568.
