5400 6817
883 1904 946 1951 30

883 3005 944 3052 40

989 731 1425 818 [3554-3555]
2037 736 2070 798 5
2106 771 2174 780 —
2211 739 2247 800 8
2292 748 2721 801 SETTEMBRE
2765 739 2937 801 1637.
3847 741 3960 801 179

986 903 1109 961 viro
1149 905 1574 977 proponuntur.
1611 900 1682 960 In
1719 899 2130 961 observatione
2168 901 2472 962 Iovialium
2514 923 2735 962 summa
2772 904 3096 977 requiritur
3120 904 3639 963 instrumentorum
3669 905 3859 978 quies3
3888 923 3963 962 an

984 1016 1179 1072 autem
1218 1013 1500 1085 machina,
1542 1015 1602 1072 in
1641 1032 1756 1085 qua
1794 1013 2192 1073 collocandum
2232 1021 2430 1075 censet
2469 1015 2922 1088 observatorem,
2964 1036 3088 1075 eam
3125 1018 3486 1090 praestitura
3526 1019 3618 1090 sit,
3658 1016 3828 1074 valde
3865 1016 3967 1074 du-

983 1122 1124 1192 bito,
1153 1143 1281 1179 cum
1308 1123 1555 1193 agitatio
1582 1124 1760 1181 maris
1787 1125 1985 1196 magni
2011 1122 2317 1181 admodum
2349 1124 2646 1182 variabilis
2675 1129 2733 1182 et
2760 1127 3099 1184 inconstans
3128 1124 3621 1198 deprehendatur,
3648 1145 3969 1199 navemque

982 1252 1101 1289 non
1142 1233 1414 1289 uniformi
1452 1237 1630 1305 motti,
1671 1232 1774 1290 sed
1813 1232 2146 1306 quassando
2185 1239 2245 1291 et
2282 1233 2585 1301 volvendo,
2613 1235 2923 1308 propellat.
2964 1235 3435 1293 Mensuratorem
3472 1238 3771 1320 temporiS,
3800 1255 3968 1308 quem

983 1344 1277 1414 proponit,
1316 1362 1434 1399 non
1473 1343 1740 1401 existimo
1777 1343 1961 1400 ullum
2001 1321 2061 1401 in
2099 1345 2245 1402 mari
2284 1344 2471 1402 locum
2510 1346 2770 1403 invenire
2808 1365 2998 1419 posse,
3038 1351 3141 1404 aut
3179 1351 3400 1403 certum
3437 1367 3604 1405 usum
3649 1352 3969 1418 praestare.

983 1454 1131 1511 Nam
1172 1442 1281 1512 etsi
1320 1453 1537 1526 demuS,
1576 1460 1798 1513 motum
1837 1455 1958 1512 eius
1999 1474 2126 1512 esse
2164 1455 2509 1513 uniformem
2547 1436 2608 1513 et
2646 1460 3028 1527 constantem,
3057 1457 3193 1527 quia
3228 1459 3427 1514 tamen
3464 1457 3784 1529 requiritur
3808 1456 3969 1515 aliud

982 1564 1274 1622 immobile
1313 1584 1489 1637 super
1527 1564 1681 1637 quod
1717 1565 2006 1636 volvatur,
2045 1564 2173 1622 fieri
2211 1585 2329 1622 non
2368 1569 2567 1639 potest
2606 1567 2745 1638 quin
2797 1567 2919 1625 eius
2968 1568 3162 1625 motus
3201 1566 3565 1638 aliquantum
3604 1567 3879 1640 varietur,
3919 1569 3970 1626 si

985 1672 1215 1743 quando
1255 1693 1382 1729 cum
1423 1671 1802 1731 observatore
1828 1674 1889 1730 in
1916 1672 2183 1730 machina
2209 1673 2544 1745 collocatur,
2572 1672 2645 1731 ob
2674 1676 3008 1732 continuam
3034 1675 3199 1734 navis
3226 1676 3627 1749 agitationem,
3654 1693 3802 1747 quae
3828 1674 3966 1734 dum

982 1783 1306 1840 machinam
1344 1784 1405 1839 in
1444 1782 1785 1855 aequilibrio
1827 1784 2001 1854 sistit,
2041 1783 2356 1856 aliquando
2392 1786 2814 1843 mensuratoris
2854 1789 3075 1843 motum
3114 1790 3218 1843 aut
3265 1785 3511 1860 impedit
3556 1788 3661 1844 aut
3711 1784 3967 1845 adiuvat.

983 1892 1296 1951 Praeterea
1325 1895 1384 1950 in
1411 1894 1539 1966 ipsa
1567 1899 1729 1951 terra
1755 1914 1873 1952 non
1900 1895 2168 1952 existimo
2195 1915 2362 1952 usum
2391 1896 2511 1953 eius
2545 1896 2777 1953 omnino
2806 1915 2931 1954 esse
2957 1894 3338 1967 infallibilem,
3365 1897 3477 1954 nisi
3500 1895 3684 1954 libere
3713 1895 3968 1969 pendeat

981 2008 1040 2061 et
1089 2006 1209 2062 eius
1262 2005 1620 2063 vibrationes
1675 2025 1780 2078 per
1833 2007 2168 2064 continuam
2207 2007 2624 2080 inspectionem
2664 2012 3064 2066 numerentur.
3104 2006 3255 2065 Nam
3294 2009 3359 2080 si,
3401 2007 3476 2066 ad
3515 2007 3815 2066 vitandum
3856 2008 3965 2066 hoc

980 2114 1258 2187 taedium,
1290 2119 1612 2188 usurpetur
1649 2115 1844 2174 rotula
1882 2114 2125 2175 dentata
2156 2121 2216 2175 et
2246 2120 2374 2175 seta
2413 2136 2560 2190 quae
2599 2138 2633 2175 a
2671 2123 3077 2176 mensuratore
3115 2117 3399 2191 pulsetur,
3427 2116 3855 2178 concedendum
3890 2119 3968 2177 vi-

980 2225 1154 2283 detur
1191 2231 1376 2284 setam
1415 2227 1601 2299 magis
1640 2228 1904 2285 minusve
1943 2226 2369 2286 vibrationibus
2396 2229 2690 2300 resistere,
2717 2233 2896 2302 prout
2920 2229 3116 2287 lentae
3142 2235 3246 2288 aut
3269 2230 3496 2288 veloces
3524 2235 3679 2302 sunt,
3708 2229 3967 2303 adeoque

979 2340 1217 2407 motum,
1244 2338 1341 2408 qui
1379 2338 1439 2393 in
1478 2336 1808 2396 vibratione
1844 2337 2030 2395 libera
2057 2343 2117 2396 et
2153 2339 2400 2411 simplici
2427 2339 2731 2397 uniformis
2762 2345 2819 2398 et
2858 2345 3130 2399 constans
3170 2344 3277 2413 est,
3303 2360 3420 2399 non
3446 2340 3590 2398 nihil
3617 2340 3967 2415 perturbare

982 2450 1041 2503 et
1076 2446 1440 2519 inaequalem
1478 2446 1742 2505 reddere.
1784 2446 1954 2506 Circa
1992 2447 2310 2523 telescopia
2347 2469 2465 2508 non
2502 2451 2618 2508 iam
2655 2453 2881 2508 tantam
2922 2451 3153 2525 reperio
3192 2449 3610 2523 difficultatem,
3639 2455 3698 2509 et
3723 2455 3966 2524 expecto

981 2556 1053 2613 ab
1082 2562 1317 2615 auctore
1343 2557 1698 2615 luculentam
1725 2559 1911 2630 istius,
1941 2576 2053 2630 quo
2082 2579 2220 2617 usus
2248 2559 2378 2631 fuit,
2406 2560 2881 2633 explicationem3
2922 2562 3192 2633 quoniam
3220 2561 3504 2635 intelligo,
3531 2561 3760 2620 litteras
3788 2581 3962 2634 meaS,

981 2685 1123 2738 quas
1161 2687 1267 2740 per
1305 2667 1548 2724 amicum
1589 2667 1849 2726 Venetiis
1889 2667 1965 2726 ad
2004 2688 2131 2726 eum
2171 2668 2529 2741 dederam<1>,
2570 2670 2760 2728 salvas
2799 2673 2859 2728 in
2895 2673 3077 2744 ipsius
3117 2691 3319 2729 manus
3359 2670 3777 2744 pervenisseffl).

1123 2776 1305 2836 Doleo
1346 2797 1485 2834 sane
1524 2797 1596 2834 ex
1632 2780 1825 2836 animo
1864 2780 2068 2851 optimi
2108 2781 2261 2837 senis
2301 2801 2513 2851 casum,
2543 2785 2602 2838 et
2631 2786 2826 2839 metuo
2864 2802 2937 2839 ne
2975 2802 3217 2855 prorsus
3258 2781 3610 2841 intercidant
3637 2800 3783 2854 quae
3810 2783 3962 2841 circa

979 2889 1171 2943 motus
1199 2885 1503 2944 Iovialium
1542 2906 1649 2960 per
1687 2891 1779 2944 tot
1816 2908 1999 2946 annos
2031 2887 2380 2947 observavit.
2409 2890 2625 2949 Verum
2652 2889 2792 2962 quid
2818 2891 3034 2965 agam?
3060 2889 3319 2964 Sperabo
3347 2891 3642 2950 meliorem
3675 2895 3961 2963 eventum,

983 3014 1152 3067 quem
1190 2995 1275 3052 illi
1313 2996 1589 3053 animitus
1630 3017 1846 3055 voveo:
1887 2998 1936 3056 si
1974 2996 2115 3069 quid
2151 3002 2347 3057 autem
2385 2999 2620 3071 sequius
2673 3002 2725 3057 ei
2777 2999 3020 3072 accidat,
3057 2997 3196 3058 licet
3246 3020 3467 3060 summo
3519 3022 3647 3060 cum
3698 3021 3961 3060 maerore

981 3106 1073 3177 (ut
1111 3107 1170 3162 in
1207 3108 1550 3163 necessariis
1595 3106 1721 3164 fieri
1750 3108 2045 3182 convenit)
2073 3110 2368 3182 patienter
2405 3110 2608 3168 feram.
2647 3110 2886 3169 Utinam
2926 3109 3157 3169 tabulas
3196 3113 3458 3169 motuum
3488 3110 3791 3170 Iovialium
3823 3115 3961 3170 ante

979 3216 1093 3274 alia
1133 3219 1325 3275 omnia
1363 3219 1819 3277 transmisisset!
1861 3239 1978 3277 non
2016 3219 2389 3279 haereremus
2428 3222 2488 3279 in
2526 3220 2634 3279 hoc
2672 3221 2815 3280 lut-o.
2854 3222 3005 3281 Nam
3046 3221 3200 3294 quod
3232 3224 3462 3295 metuis,
3492 3242 3565 3281 ne
3604 3221 3742 3295 quid
3776 3224 3835 3280 in
3862 3243 3963 3297 po-

979 3332 1198 3385 sterum
1227 3329 1286 3385 in
1322 3332 1491 3386 tanto
1529 3330 1786 3402 negotio,
1816 3350 1850 3388 a
1876 3329 2044 3388 nobis
2085 3332 2404 3390 oscitanter
2442 3332 2791 3406 neglectum,
2819 3352 2949 3392 sero
2989 3322 3404 3407 poenitendum
3438 3334 3709 3407 supersit,
3741 3333 3964 3393 frustra

979 3440 1102 3494 est:
1141 3437 1300 3494 nulla
1342 3439 1492 3494 enim
1531 3457 1787 3511 unquam
1822 3440 2188 3514 negligentia
2213 3442 2353 3499 mihi
2380 3444 2601 3516 poterit
2626 3444 2923 3517 imputari,
2952 3445 3049 3516 qui
3076 3444 3374 3516 negotium
3403 3464 3509 3517 pro
3547 3443 3698 3503 virili
3730 3463 3960 3516 semper

979 3550 1255 3620 promovi,
1297 3552 1355 3605 et
1393 3549 1454 3605 in
1492 3548 1756 3606 futurum
1797 3553 1971 3609 etiam
2011 3553 2383 3625 promovebo,
2425 3553 2742 3625 Quominus
2789 3559 2986 3612 autem
3040 3555 3232 3612 omnia
3282 3574 3352 3612 ex
3403 3558 3540 3613 voto
3591 3558 3787 3613 vestro
3838 3575 3956 3614 non

979 3656 1310 3730 succedant,
1350 3657 1497 3716 aliae
1535 3679 1743 3718 causae
1781 3666 1937 3733 sunt,
1978 3679 2120 3733 quas
2160 3664 2274 3720 iam
2313 3684 2432 3721 non
2470 3663 2678 3722 scribe.

1118 3768 1581 3827 illustrissimum
1634 3770 1903 3829 Grotium
1957 3792 2082 3831 meo
2134 3775 2366 3832 nomine
2405 3774 2672 3847 (quaeso)
2714 3774 3027 3848 plurimum
3081 3774 3379 3849 salutabiS,
3420 3777 3724 3848 omniaque
3775 3775 3958 3835 officia

976 3898 1103 3935 mea
1143 3880 1264 3937 eius
1304 3878 1700 3938 Excellentiae
1739 3882 1980 3955 offere‘s3
2018 3886 2194 3955 teque
2234 3905 2303 3942 ex
2342 3886 2533 3942 animo
2573 3885 2768 3943 valere
2807 3906 2873 3943 ac
2910 3885 3167 3959 gaudere
3206 3888 3392 3960 cupio,

2318 4138 2624 4228 3555*.

1207 4323 1701 4385 GOSTANTINO
1741 4327 2113 4387 HUYGENS
2152 4349 2187 4387 a
2224 4329 2546 4389 RENATO
2586 4330 3044 4390 DESCARTES
3085 4329 3171 4407 [in
3210 4331 3435 4409 Leida].

2087 4455 2282 4514 Breda‚
2315 4458 2345 4506 8
2379 4456 2676 4506 settembre
2712 4457 2848 4507 1637.

971 4645 1635 4696 Bib1.d.e11’Accad.emia
1679 4651 1830 4697 delle
1863 4650 2098 4697 Scienze
2132 4651 2600 4699 d’Amsterdam.
2645 4650 2759 4697 Mss.
2792 4651 2961 4711 XLIX,
3005 4651 3197 4698 Lettres
3241 4651 3507 4715 francoises
3559 4652 3617 4698 de
3657 4651 3947 4698 Constantin

1112 4728 1354 4787 Huygens,
1387 4729 1439 4774 T.
1465 4730 1503 4784 ἶ,
1535 4744 1644 4788 pag.
1669 4730 1775 4778 759.
1800 4758 1860 4765 —
1887 4730 2035 4790 Copia
2066 4732 2114 4778 di
2149 4746 2287 4779 mano
2323 4734 2563 4780 sincrona.

1275 4902 1387 4958 J'ai
1429 4922 1536 4959 veu
1575 4904 1858 4962 autrefois
1897 4924 1960 4961 ce
2000 4924 2110 4975 que
2149 4905 2339 4963 Guido
2368 4906 2674 4965 Ubaldoffl)
2716 4927 2787 4964 en
2826 4928 2860 4964 a
2899 4910 3076 4965 escrit
3103 4911 3163 4965 et
3189 4907 3394 4981 depuis
3424 4908 3700 4981 Galilan,
3727 4909 3954 4968 traduit

969 5031 1077 5083 par
1113 5011 1167 5068 le
1206 5012 1270 5069 P.
1300 5011 1708 5086 Mersenne0‘53
1749 5015 1893 5071 mais
1932 5013 2053 5071 l'un
2091 5019 2150 5071 et
2187 5014 2397 5073 l⁷autre
2435 5036 2468 5073 a
2507 5036 2622 5089 peu
2672 5015 2744 5074 de
2797 5017 3178 5090 satisfaction,
3220 5038 3292 5075 en
3329 5020 3654 5092 imaginant
3697 5038 3808 5092 que
3856 5041 3948 5079 ces

966 5121 1195 5193 gens-la
1246 5143 1319 5179 ne
1369 5122 1498 5179 font
1547 5123 2000 5196 qu'envelopper
2053 5123 2125 5180 de
2176 5125 2549 5196 superfluites
2589 5125 2864 5184 obscures
2905 5147 2977 5184 en
3016 5126 3169 5184 deux
3208 5148 3282 5185 ou
3319 5129 3464 5185 trois
3513 5129 3814 5200 positione,
3852 5132 3950 5202 n’y

966 5233 1148 5298 ayant
1184 5230 1328 5300 rien,
1357 5230 1391 5284 a
1427 5249 1563 5286 mon
1600 5232 1740 5302 avis,
1781 5232 1879 5302 qui
1916 5251 1977 5288 se
2015 5232 2212 5289 tienne
2251 5232 2423 5290 d’une
2461 5235 2509 5290 si
2549 5232 2724 5290 claire
2763 5239 2821 5291 et
2859 5236 3184 5293 necessaire
3224 5233 3504 5311 [facon?].
3528 5282 3540 5294 .
3563 5282 3574 5294 .
3598 5282 3610 5294 .

1113 5424 1166 5463 (¹)
1203 5427 1296 5473 Cfr.
1331 5438 1402 5472 n.0
1436 5428 1574 5481 3507,
1609 5429 1694 5474 lin.
1718 5430 1865 5483 9-11;
1904 5435 1976 5474 n.⁰
1997 5429 2135 5487 3531,
2159 5429 2243 5476 lin.
2269 5431 2375 5479 2-4.
2516 5433 2718 5476 nieorum
2740 5431 2878 5479 liber.
2901 5432 3104 5490 Pisauri,
3122 5433 3243 5492 apud
3265 5433 3599 5492 Hieronymum
3621 5394 3947 5483 Concordiam.

1113 5500 1167 5539 (⁵3)
1205 5503 1299 5549 Cfr.
1335 5511 1406 5548 n.0
1441 5505 1578 5563 3543,
1612 5505 1698 5550 lin.
1724 5506 1765 5551 3.
2516 5509 2840 5554 MDLXXVII.

1113 5577 1164 5618 (3)
1201 5581 1529 5628 GmmussALm
1559 5596 1583 5629 e
1606 5583 1964 5630 Marchionibus
1997 5584 2192 5631 Mon‘ms
2227 5586 2405 5632 Mecha-
2660 5583 2711 5622 (4⁶³
2748 5585 2839 5635 Cfr.
2876 5597 2945 5635 n.0
2978 5587 3114 5635 3110.
