5400 6817
870 1584 933 1631 50

866 2777 928 2824 60

974 681 1404 767 [3577-3578]
2013 688 2085 749 13
2121 721 2185 731 --
2226 690 2298 750 17
2343 699 2682 753 OTTOBRE
2729 691 2901 754 1637.
3818 697 3945 758 ,199

972 859 1212 924 visione
1259 879 1455 942 quam
1504 856 1876 923 distinctam
1924 863 2175 924 vocant.
2228 857 2354 924 Sed
2398 882 2771 945 quanquam
2803 883 2933 927 non
2965 861 3168 946 possis
3214 863 3350 946 ipse
3399 862 3733 949 explorare
3780 886 3946 949 quae

973 976 1363 1062 experiundo
1412 975 1571 1040 mihi
1620 977 2022 1060 contingunt,
2077 976 2350 1043 habebis
2412 983 2636 1045 tamen
2680 978 2872 1045 facile
2921 987 3323 1047 caeterorum
3371 982 3830 1066 experimenta,
3879 986 3947 1047 et

971 1094 1072 1161 vel
1118 1117 1196 1159 ex
1242 1096 1376 1161 solo
1423 1094 1861 1179 parallelismo
1892 1101 2105 1161 motus
2139 1096 2470 1164 oculorum
2503 1098 2624 1163 tibi
2657 1100 2912 1183 cognito
2947 1101 3264 1186 6611116166,
3300 1101 3545 1187 opinor,
3580 1103 3944 1187 opinionem

970 1213 1140 1278 hanc
1186 1213 1389 1279 videri
1434 1214 1626 1300 plane
1672 1216 2122 1281 necessariam.
2173 1216 2260 1281 Et
2294 1223 2639 1300 quaeretur
2672 1217 2934 1302 quidem
2965 1218 3276 1302 fortassiS,
3313 1219 3469 1305 quid
3502 1220 3666 1286 alter
3696 1221 3945 1286 interea

970 1331 1191 1398 oculus
1238 1332 1561 1398 moliatur.
1613 1332 1854 1398 Verum
1905 1335 2245 1417 constabit,
2294 1334 2464 1399 illius
2514 1357 2701 1400 axem
2751 1337 2841 1401 sic
2887 1337 3168 1402 relaxari
3208 1344 3322 1404 aut
3353 1338 3617 1423 retrahi,
3650 1343 3725 1403 ut
3754 1338 3945 1425 plane

969 1473 1395 1537 prorsumque
1458 1453 1713 1535 otietur,
1765 1459 1829 1518 et
1889 1457 2163 1519 naturae
2226 1452 2424 1518 ductu
2472 1477 2550 1518 ex
2598 1455 2797 1519 oculis
2845 1455 3093 1521 duobus
3141 1456 3311 1522 illius
3363 1479 3550 1522 axem
3600 1456 3790 1542 dirigi
3836 1458 3946 1543 qui

969 1569 1289 1636 valentior
1337 1570 1675 1653 exstiterit,
1722 1576 1798 1636 ut
1842 1571 2050 1638 solent
2097 1570 2391 1637 membra
2437 1574 2695 1656 gemina
2740 1574 3103 1659 inaequalis
3146 1597 3281 1641 esse
3327 1576 3604 1642 virtutis,

1117 1689 1333 1773 Plura,
1384 1688 1520 1781 Deo
1566 1689 1840 1773 volente,
1890 1713 2128 1757 coram.
2176 1689 2434 1757 Interea
2480 1691 2642 1756 nihil
2691 1691 2923 1758 adiicio
2972 1695 3143 1759 circa
3176 1694 3461 1761 dolorem
3495 1718 3685 1780 quem
3725 1719 3943 1764 conce-

968 1810 1123 1894 pisti
1170 1834 1248 1875 ex
1293 1811 1644 1876 immatura
1690 1811 1919 1896 optimi
1962 1811 2469 1897 nobilissimique
2515 1812 2812 1878 Petriscii
2851 1819 3077 1879 morte.
3116 1812 3281 1880 Sane
3314 1816 3366 1880 is
3399 1819 3650 1883 summo
3683 1817 3942 1902 quidem

970 1928 1183 1994 studio
1230 1928 1430 1994 bonos
1477 1930 1895 2014 literatosque
1945 1931 2207 2013 omneiS,
2267 1953 2395 2015 qua
2450 1931 2621 1996 orbis
2677 1936 2880 2015 patet,
2939 1933 3506 2017 complectebatur,
3565 1934 3677 2001 sed
3730 1942 3815 2021 te,
3870 1940 3945 2002 ut

965 2048 1207 2130 primas
1256 2048 1324 2112 in
1369 2049 1446 2112 iis
1493 2053 1712 2113 tenere
1761 2048 2204 2114 arbitrabatur
2252 2050 2501 2133 merito,
2549 2050 2645 2113 ita
2690 2050 3006 2134 imprimis
3054 2052 3446 2136 suspiciebat
3493 2059 3557 2119 et
3602 2077 3942 2140 proseque-

965 2164 1158 2230 batur
1202 2167 1440 2248 insigni
1484 2166 1767 2231 adfectu.
1816 2166 2120 2233 Conscius
2168 2191 2308 2232 sum
2355 2169 2510 2252 ipse,
2562 2169 2719 2252 quid
2764 2170 2863 2234 tui
2911 2191 3138 2235 caussa
3183 2179 3601 2255 procuratum
3646 2173 3939 2257 voluerit,

967 2306 1161 2368 quam
1217 2285 1628 2351 vehementer
1674 2286 2003 2369 institerit,
2056 2310 2250 2372 quam
2300 2286 2587 2352 obtinere
2634 2310 2766 2354 non
2813 2288 3188 2373 desperarit.
3238 2290 3326 2355 Et
3382 2312 3755 2376 quanquam
3815 2291 3941 2358 for-

963 2402 1152 2468 tassis
1201 2402 1269 2466 id
1315 2402 1454 2485 tibi,
1506 2405 1616 2488 qui
1664 2426 1729 2468 es
1776 2406 2025 2488 ingenti
2070 2408 2286 2471 animo
2331 2405 2683 2490 praeditUS,
2736 2403 3070 2492 ἀδιάφορον
3118 2406 3259 2491 fuit,
3309 2408 3539 2474 saltem
3584 2408 3755 2474 illius
3789 2432 3942 2494 erga

964 2526 1028 2585 te
1087 2543 1267 2585 mens
1332 2543 1465 2586 esse
1531 2544 1661 2587 non
1713 2524 1927 2608 potuit
1975 2523 2324 2606 ardentior,
2373 2547 2491 2589 nec
2552 2547 2666 2608 per
2729 2547 2875 2589 eum
2923 2526 3105 2591 stetit
3159 2531 3558 2593 staturumve
3607 2526 3728 2592 fuit
3786 2530 3943 2613 quin

966 2640 1252 2703 maxima
1301 2663 1445 2705 cum
1492 2640 1792 2707 libertate
1839 2642 2441 2728 tranquillitateque
2491 2641 2754 2727 degeres
2806 2643 2977 2727 quod
3028 2649 3319 2728 superest
3381 2646 3539 2710 aevi.
3602 2644 3707 2710 Me
3768 2646 3941 2730 quod

968 2764 1238 2846 attinet,
1259 2766 1394 2850 ipse
1428 2769 1493 2830 te
1526 2767 1917 2851 superiorem
1951 2766 2137 2850 longe
2170 2767 2345 2832 hisce
2381 2766 2631 2832 casibus
2662 2766 3135 2852 insultibusque
3167 2766 3462 2833 fortunae
3500 2766 3682 2850 duco,
3716 2768 3940 2833 istam-

964 2905 1085 2968 que
1133 2882 1349 2949 sedem
1397 2883 1603 2951 habeo
1634 2907 1765 2951 non
1795 2888 2002 2952 instar
2048 2885 2315 2952 infausti
2363 2885 2696 2952 cuiusdam
2747 2885 2970 2970 exsilii,
3006 2885 3118 2951 sed
3157 2887 3365 2952 instar
3397 2885 3785 2972 optatissimi
3813 2885 3939 2952 for-

962 3003 1481 3088 tunatissimique
1527 3026 1829 3070 secessus,
1883 3002 2077 3082 Quasi
2127 3027 2277 3071 vero
2326 3005 2576 3071 cordati
2621 3005 2744 3071 viri
2783 3004 3136 3089 quidquam
3170 3006 3444 3090 amplius
3478 3005 3842 3071 desiderent
3872 3008 3940 3071 in

962 3122 1186 3187 mediis
1252 3123 1437 3188 aulae
1499 3122 1798 3189 fluctibus
1862 3123 2373 3209 tumultibusque
2438 3124 2792 3208 civitatum,
2844 3129 2958 3189 aut
3013 3125 3196 3209 quasi
3251 3124 3372 3189 tibi
3426 3125 3493 3188 in
3547 3105 3670 3190 1166
3725 3130 3938 3190 661616

867 3294 870 3297 .
959 3241 1162 3324 possit
1210 3242 1454 3326 aliquid
1501 3265 1636 3308 esse
1686 3242 1931 3308 dulcius
1980 3265 2175 3327 quam
2222 3243 2448 3327 procul
2494 3241 2716 3307 abesse
2777 3264 2817 3306 a
2867 3242 3205 3327 prophana
3265 3241 3478 3326 turba,
3529 3264 3693 3329 quae
3755 3244 3938 3329 quasi

865 4046 928 4093 70

961 3359 1177 3425 bellua
1208 3361 1543 3445 multiceps
1576 3360 1738 3426 nihil
1771 3384 1917 3427 vere
1964 3361 2320 3426 humanum
2368 3362 2556 3447 sapit,
2591 3360 2879 3445 nihilque
2926 3367 3184 3446 praeter
3230 3361 3725 3445 simulationem,
3774 3362 3938 3426 invi-

964 3478 1156 3562 diam,
1204 3478 1562 3565 perfidiam,
1615 3487 1994 3566 caeteraque
2055 3482 2122 3546 id
2184 3504 2382 3565 genus
2443 3482 2667 3574 spirat.
2727 3481 2920 3547 Isteic
2965 3481 3231 3567 proinde
3281 3485 3617 3549 contentus
3665 3483 3821 3565 vive,
3873 3484 3938 3546 et

963 3604 1276 3681 quatenus
1325 3599 1475 3665 licet
1520 3599 1852 3665 foeliciter.
1948 3599 2129 3665 Vale.

1249 3746 1595 3831 Massiliae,
1643 3744 1742 3812 III
1787 3748 1931 3812 Eid.
1984 3748 2209 3815 Octob.
2297 3746 2853 3817 oeIoGXXXVH.

1111 3916 1359 3983 Fuerit
1405 3918 1692 3984 Clariss.0
1740 3920 1896 3985 Viro
1944 3918 2192 3987 Galileo
2241 3920 2493 4005 Galilei,

1253 4037 1474 4121 Magni
1518 4039 1863 4104 Hetruriae
1911 4038 2106 4104 Ducis
2154 4039 2637 4107 Mathematico.

2211 4159 2608 4226 Florentiam
2656 4159 2742 4226 ad
2789 4158 3144 4227 Arcetram.

2298 4422 2603 4512 3578*.

1554 4616 2003 4676 FULGENZIO
2042 4616 2425 4677 MIOANZIO
2464 4638 2498 4677 a
2538 4614 2908 4695 [GALILEO
2947 4619 3008 4675 in
3046 4615 3333 4695 Firenze].

2060 4741 2319 4807 Venezia,
2353 4744 2410 4792 17
2447 4741 2664 4792 ottobre
2701 4742 2839 4792 1637.

958 4935 1106 4981 Bibl.
1127 4937 1247 4982 Est.
1267 4935 1331 4981 in
1362 4936 1632 4985 moderna.
1666 4934 1899 4982 Raccolta
1934 4933 2166 4994 Campori.
2199 4934 2462 4995 Autografi,
2495 4934 2573 4981 Β.ει
2604 4934 2794 4991 LXXX,
2832 4945 2902 4980 n.0
2938 4935 3041 4982 105.
3065 4960 3124 4968 —
3146 4933 3411 4993 Autografa
3446 4934 3495 4982 la
3532 4935 3912 4987 sottoscrizione.

1243 5111 1445 5176 Molto
1492 5112 1591 5176 Ill.
1644 5119 1707 5178 et
1753 5113 2072 5179 Ε66611.Πιο
2119 5113 2296 5197 Sig.1·,
2347 5113 2503 5197 Sig.1·
2550 5113 2761 5180 Col.111⁰

1107 5254 1235 5321 Son
1282 5262 1450 5322 stato
1500 5258 1684 5341 quasi
1728 5281 1816 5322 un
1862 5280 2035 5324 mese
2079 5260 2149 5323 in
2194 5258 2367 5343 villa,
2415 5259 2678 5325 lontano
2744 5281 2775 5323 e
2839 5258 2923 5324 da
2976 5260 3001 5323 i
3053 5259 3295 5342 negotii
3348 5281 3381 5323 e
3438 5258 3521 5325 da
3574 5260 3597 5323 i
3649 5259 3928 5344 pensieri

956 5373 1177 5438 noiosi.
1226 5374 1304 5437 In
1353 5374 1681 5457 quell⁷otio
1726 5380 1880 5459 pero
1927 5398 2058 5441 non
2103 5376 2186 5441 ho
2234 5376 2519 5441 ricevuto
2566 5384 2754 5459 gusto
2801 5377 3128 5460 maggiore
3177 5376 3292 5441 che
3327 5376 3536 5461 quello
3571 5377 3686 5442 che
3719 5378 3809 5442 mi
3837 5377 3926 5442 ha

959 5496 1298 5577 apportato
1346 5514 1476 5556 una
1531 5493 1766 5558 lettera
1815 5493 1880 5558 di
1928 5494 2003 5558 V.
2041 5492 2102 5558 S.
2137 5494 2337 5559 molto
2384 5494 2538 5558 Illam
2588 5500 2650 5559 et
2714 5494 3048 5578 Eccellssffi,
3101 5494 3406 5561 dandomi
3459 5496 3792 5580 raguaglio
3856 5519 3924 5561 se
