5400 6817
1527 684 1644 743 266
2569 687 2642 745 25
2681 721 2744 727 —
2782 688 2855 748 27
2901 698 3225 750 GENNAio
3275 688 3445 749 1638.
4067 686 4497 769 [3657-3658]

2862 1005 3165 1092 3657&

1821 1191 2313 1251 OOSTANTINO
2354 1193 2725 1253 HUYGENS
2766 1215 2799 1252 a
2838 1193 3204 1253 MARTINO
3246 1195 3633 1255 ORTENSIO
3675 1194 3760 1272 [in
3800 1195 4215 1273 Amsterdam].

2661 1317 2845 1381 L'Aja,
2880 1320 2939 1368 25
2975 1318 3205 1381 gennaio
3245 1320 3379 1368 1638.

1527 1511 1676 1557 Bibl.
1701 1511 2191 1559 dell'Accademia
2226 1513 2374 1559 delle
2407 1513 2641 1558 Scienze
2676 1512 2740 1557 in
2773 1512 3166 1560 Amsterdam.
3199 1510 3310 1555 Mss.
3337 1510 3499 1571 XLIV,
3525 1511 3715 1558 Lettres
3741 1509 3919 1557 latines
3954 1510 4010 1556 de
4048 1510 4338 1558 Constantis}
4375 1510 4498 1568 Huy-

1666 1604 1798 1646 gens,
1833 1603 1939 1649 pag.
1964 1590 2067 1636 262.
2090 1617 2149 1624 -—
2171 1589 2317 1651 Copia
2350 1591 2398 1637 di
2431 1604 2571 1637 mano
2607 1591 2847 1637 sincrona.

2560 1761 2893 1819 Hortensio,
3039 1763 3107 1818 25
3147 1760 3266 1819 Ian.
3312 1765 3466 1820 1638.

1666 1898 1983 1957 Districtus
2023 1902 2114 1957 tot
2152 1901 2419 1972 negotiis,
2459 1899 2739 1957 Hortensi
2779 1900 3125 1972 doctissime,
3168 1906 3311 1973 quot
3350 1902 3518 1960 nobis
3568 1905 3722 1961 nosti
3759 1905 3818 1959 in
3859 1903 4047 1960 frusta
4094 1903 4244 1960 diem
4292 1903 4502 1960 discer-

1525 2031 1679 2082 pere,
1720 2012 1976 2067 securius
2018 2030 2084 2067 eo
2123 2009 2326 2067 distuli
2363 2010 2439 2067 ad
2477 2010 2643 2068 binas
2693 2017 2826 2068 tuas
2876 2011 3213 2083 rescribere,
3255 2013 3410 2083 quod
3449 2034 3593 2084 cum,
3633 2014 3920 2086 separatis
3962 2013 4239 2083 Comitiis,
4280 2014 4353 2070 ad
4402 2035 4501 2070 vos

1523 2120 1744 2178 rediret
1783 2119 2189 2192 Amplissimus
2228 2119 2492 2177 Borelius
2517 2120 2585 2190 (¹),
2622 2120 2698 2189 ,ab
2738 2121 2837 2177 illo
2878 2126 2935 2177 te
2976 2123 3280 2179 certiorem
3332 2121 3454 2179 fore
3504 2122 3752 2180 sciebam
3806 2124 4058 2180 omnium
4112 2143 4308 2180 eorum
4356 2143 4502 2194 quae

1526 2231 1616 2287 hic
1663 2230 1867 2304 Hagae
1919 2232 2069 2287 circa
2120 2233 2417 2303 negotium
2476 2229 2798 2288 Galilaeum
2840 2232 3248 2289 administrata
3289 2241 3499 2291 essent.
3542 2234 3705 2304 Quod
3746 2256 3777 2290 a
3815 2256 3904 2291 me
3946 2256 4119 2307 porro
4159 2237 4397 2307 petiisti,
4436 2239 4502 2290 ut

1524 2339 1854 2398 Celsissimo
1892 2339 2222 2413 Principi<2>
2265 2340 2339 2397 ad
2379 2361 2500 2399 rem
2535 2342 2840 2399 fovendam
2883 2347 3058 2414 atque
3097 2343 3539 2416 propellandam
3576 2350 3750 2401 autor
3791 2365 3992 2415 essem,
4018 2349 4184 2401 tanto
4223 2346 4442 2416 impetu
4469 2363 4502 2398 a

1522 2469 1613 2506 me
1652 2453 2028 2521 procuratum
2070 2455 2173 2520 est,
2213 2456 2280 2506 ut
2318 2469 2593 2523 praesens
2633 2451 2802 2508 facile
2843 2452 3175 2523 iudicasseS,
3217 2453 3362 2509 nihil
3410 2453 3617 2510 calcari
3670 2474 3813 2526 opus
3868 2474 3993 2511 esse
4046 2475 4191 2526 equo
4239 2460 4359 2510 tam
4401 2474 4505 2510 sua

1525 2565 1734 2630 sponte
1773 2560 2062 2629 currenti3
2103 2578 2289 2630 neque
2329 2559 2565 2616 dubium
2609 2564 2713 2630 est,
2755 2562 2801 2616 si
2843 2562 3196 2632 consulatur,
3241 2582 3451 2634 operae
3491 2583 3651 2620 meae
3692 2563 3945 2619 fructum
3986 2583 4366 2636 persensuros
4407 2564 4503 2633 qui

1526 2667 1630 2724 hoc
1671 2669 1728 2722 in
1769 2665 2058 2723 mandatis
2099 2666 2359 2723 habituri·
2399 2672 2551 2724 sunt.
2593 2666 2816 2724 Passim
2857 2667 3105 2740 deniqne
3159 2674 3216 2725 et
3266 2670 3610 2742 ubicumque
3667 2691 3792 2727 cum
3841 2671 4110 2743 profectu
4160 2671 4284 2728 fieri
4335 2691 4505 2744 posse

1523 2775 1772 2847 videtur,
1811 2777 2091 2834 maximae
2144 2778 2226 2833 rei
2279 2776 2569 2834 ineffabile
2619 2782 2972 2835 momentum
3015 2783 3073 2835 et
3112 2780 3280 2836 nimis
3330 2799 3498 2852 quam
3542 2783 3738 2853 paucis
3779 2786 4143 2854 perspectam
4184 2780 4500 2838 utilitatem
4542 2791 4599 2837 10

1522 2888 1663 2944 totis
1706 2887 1923 2944 viribus
1965 2887 2313 2943 inculcatum
2357 2906 2440 2944 eo.
2483 2886 2742 2944 Oatsium
2767 2886 2815 2930 ⁴2²>
2862 2894 3155 2960 postremo
3195 2894 3330 2946 ante
3370 2911 3582 2962 paucos
3624 2890 3744 2947 dies
3785 2896 3903 2948 tam
3945 2893 4186 2949 incitato
4240 2910 4501 2947 sermone

1521 2999 1801 3068 concussi,
1827 3001 1893 3054 ut
1929 3016 1990 3054 se
2030 2998 2332 3068 receperit,
2362 3015 2533 3068 quam
2574 2998 2822 3069 primum
2874 2998 2993 3055 ullo
3033 3002 3203 3071 pacto
3243 2999 3366 3055 fieri
3411 3002 3609 3071 possit,
3639 2999 3983 3057 Hollandica
4026 3000 4096 3057 de
4139 2999 4499 3073 profectione

1524 3110 1627 3164 tua
1666 3107 1757 3163 vel
1795 3106 2274 3163 deliberationem
2315 3108 2405 3164 vel
2444 3107 2740 3164 decretum
2782 3107 2855 3164 ad
2896 3108 3142 3166 Ordines
3184 3108 3499 3168 Generales
3549 3111 3929 3184 perlaturum,
3962 3117 4028 3167 ut
4066 3131 4245 3183 grave
4284 3111 4501 3167 scilicet

1524 3217 1842 3287 negotium,
1873 3216 2005 3286 quia
2045 3214 2119 3271 ad
2158 3217 2366 3272 aerarii
2406 3217 2708 3288 angustias
2749 3220 3021 3289 pertinet,
3051 3220 3555 3277 senatusconsulto
3596 3226 3791 3276 tamen
3820 3224 4132 3279 sanciatur.
4162 3221 4318 3277 Haec
4346 3220 4502 3293 apud

1525 3323 1921 3382 Clarissimum
1961 3323 2307 3395 Deodatum,
2350 3326 2396 3381 si
2437 3325 2667 3396 quando
2709 3325 2783 3381 ad
2824 3346 2950 3383 eum
2991 3326 3290 3397 rescribes,
3330 3333 3397 3384 ut
3436 3349 3861 3399 commemores,
3903 3350 3936 3386 a
3973 3334 4034 3386 te
4074 3334 4227 3403 peto.

1743 3480 1789 3490 ..
1831 3440 1889 3491 et
1930 3454 2017 3491 me
2056 3454 2197 3504 ama,
2241 3436 2336 3505 qui
2376 3440 2435 3492 te
2476 3433 2656 3507 diligo
2697 3441 2764 3492 ut
2803 3436 3034 3507 quidem
3074 3440 3131 3493 te
3173 3443 3479 3509 praesente
3522 3459 3694 3511 saepe
3733 3439 4092 3510 multumque
4129 3440 4246 3497 frui
4278 3445 4500 3512 optem3

1522 3564 1675 3601 nunc
1704 3564 1839 3601 vero
1868 3563 2035 3615 quam
2076 3546 2524 3601 remotissimum
2556 3549 2614 3600 et
2644 3549 2809 3601 trans
2850 3567 3022 3603 saeva
3062 3546 3296 3619 Alpium
3337 3549 3473 3620 iuga
3513 3554 3737 3605 vectum
3781 3549 3967 3620 velim,
3994 3555 4060 3606 ut
4097 3570 4168 3606 ne
4207 3568 4337 3605 sero
4371 3548 4502 3604 Flo-

1523 3656 1773 3712 rentiam
1811 3653 1986 3711 adeas
2026 3659 2086 3710 et
2125 3656 2442 3711 extinctum
2486 3656 2667 3725 (quod
2706 3677 2830 3711 cum
2873 3656 3143 3728 Principe
3182 3661 3397 3728 metuo)
3441 3658 3779 3714 nebulosum
3823 3659 3963 3715 illud
4019 3660 4178 3716 sidus
4229 3660 4502 3730 reperias,

1525 3768 1647 3822 sine
1690 3782 1801 3835 quo
1841 3784 2046 3837 parum
2087 3769 2176 3821 est
2215 3765 2369 3835 quod
2408 3764 2478 3822 de
2519 3764 2644 3822 luce
2684 3766 2836 3822 Iovis
2877 3773 2936 3823 et
2974 3766 3290 3824 satellitum
3332 3767 3458 3824 orbi
3497 3771 3789 3825 terrarum
3830 3769 4221 3839 polliceamur.
4298 3767 4456 3824 Vale.

1811 3904 2012 3976 Hagae
2053 3903 2228 3974 Com,
2267 3903 2382 3959 ΠΧ
2420 3904 2539 3962 Cal.
2580 3904 2753 3962 Febr,
2795 3905 3360 3966 CIOIOCXXXIIX.
4539 3918 4599 3962 20

2843 4172 3192 4261 3ss5ssssff

2178 4359 2695 4418 ALESSANDRO
2736 4361 2956 4420 NINCI
2994 4382 3027 4418 a
3069 4358 3436 4436 [GALILEO
3476 4365 3535 4419 in
3575 4359 3851 4436 Arcetri]

2444 4486 2491 4533 S.
2520 4486 2690 4533 Maria
2725 4500 2755 4534 a
2791 4486 3048 4548 Campoli,
3086 4489 3144 4534 27
3180 4487 3408 4547 gennaio
3446 4489 3581 4536 1638.

1529 4682 1677 4727 Bibl.
1700 4682 1843 4728 Naz.
1868 4681 1986 4727 Fir.
2024 4679 2297 4737 Appendice
2334 4680 2379 4725 ai
2412 4681 2525 4725 MSS.
2552 4679 2668 4737 Gal„
2703 4680 2835 4725 Filza
2869 4681 3052 4726 Favaro
3091 4679 3142 4733 A,
3180 4694 3274 4726 car.
3305 4681 3406 4726 190.
3431 4708 3483 4713 —-
3505 4681 3783 4736 Autografa.
3866 4658 3877 4670 ⁴

1820 4854 2020 4918 Molto
2067 4854 2221 4916 Ill.re
2269 4860 2332 4918 et
2379 4856 2605 4918 Ecc.m0
2656 4853 2812 4936 Sig.1'
2860 4856 2986 4918 mio
3034 4855 3226 4918 P.ron
3277 4854 3485 4919 Col.mo

1678 4999 1771 5063 Mi
1816 4998 2209 5084 persuadevo
2260 4999 2374 5063 che
2425 5000 2498 5063 V.
2539 4998 2599 5062 S.
2650 4999 2900 5064 havessi
2958 5003 3199 5065 riceuto
3264 5000 3322 5064 le
3384 5001 3586 5082 legne,
3638 5008 3691 5063 si
3754 5022 3931 5065 come
3978 5002 4057 5081 io,
4119 5000 4317 5066 fidato
4373 5003 4504 5066 nel-

1530 5116 1790 5182 l’altrui
1834 5139 2177 5201 promesse,
2227 5117 2470 5181 havevo
2522 5117 2698 5182 detto
2749 5118 2864 5181 che
2920 5117 2984 5181 la
3043 5120 3389 5195 settimana
3442 5125 3706 5201 passata
3767 5116 4122 5183 sarebbono
4182 5118 4498 5201 condotte,

1534 5235 1789 5318 quando
1839 5236 1947 5300 dal
1994 5237 2121 5301 mio
2169 5236 2423 5303 fratello
2472 5235 2554 5301 ho
2604 5237 2836 5303 sentito
2881 5244 3112 5321 questa
3145 5261 3286 5302 sera
3319 5261 3436 5304 con
3469 5240 3596 5303 mio
3634 5238 3919 5320 disgusto
3959 5239 4073 5302 che
4109 5260 4345 5303 ancora
4375 5260 4502 5303 non

1676 5413 1727 5451 <¹³
1763 5416 2048 5461 GUGLIELMO
2083 5417 2294 5461 Bonum..
3221 5415 3272 5455 (3)
3309 5419 3533 5464 ΘῙΑΟΟΜΟ
3572 5419 3796 5464 CATsws.

1679 5493 1731 5532 (Ξ)
1766 5497 2016 5542 ansmco
2053 5497 2240 5543 Emuoo
2276 5497 2553 5543 D’ORANGE.
