5400 6817
963 697 1189 782 [3671]
2115 700 2150 760 6
2193 706 2556 760 FEBBRAIO
2604 696 2776 759 1638.
3816 700 3931 760 279

963 870 1271 951 nieorum,
1323 888 1480 952 quos
1530 865 1743 932 adhuc
1789 863 1999 948 debet,
2049 864 2212 930 nihil
2258 866 2417 931 certi
2462 866 2601 931 vult
2647 870 2953 948 statuere,
3002 864 3116 930 secl
3164 865 3248 932 ad
3296 888 3494 933 annos
3529 871 3805 952 quatuor
3835 867 3937 932 vel

964 987 1178 1071 plures
1227 985 1380 1069 (imo
1427 983 1759 1070 infinitos),
1810 990 1874 1052 et
1920 983 2182 1070 quidem
2230 1008 2309 1052 ex
2355 985 2668 1053 reditibus
2716 986 3244 1053 extraordinariis
3282 993 3346 1053 et
3376 988 3657 1071 incertis,
3694 1010 3937 1054 succes-

968 1110 1171 1201 sivam
1216 1114 1475 1175 tantum
1523 1107 2029 1173 satisfactionem
2075 1107 2472 1192 promittere,
2525 1106 2602 1171 de
2640 1107 3158 1172 remuneratione
3193 1129 3309 1191 pro
3342 1107 3797 1191 manuscriptis
3827 1128 3939 1191 pa-

969 1229 1166 1292 rentis
1199 1227 1379 1293 nulla
1402 1228 1726 1293 mentione
1750 1226 1942 1292 facta.
1965 1225 2234 1290 Interim
2258 1246 2373 1314 nos
2398 1226 2681 1310 patimur
2701 1226 2873 1308 iusti,
2898 1231 2962 1291 et
2987 1224 3247 1309 quidem
3272 1226 3449 1292 omni
3473 1247 3590 1311 ope
3617 1224 3937 1291 destituti:

876 1360 939 1409 60
975 1344 1111 1410 bini
1141 1345 1376 1412 fratres
1394 1339 1446 1387 (²³
1482 1346 1610 1411 mei
1641 1345 1918 1409 minores
1960 1367 2104 1410 cum
2137 1323 2411 1410 noverca
2428 1339 2505 1426 (²),
2542 1349 2691 1409 ante
2725 1344 3202 1428 sesquiannum,
3238 1344 3408 1409 circa
3447 1341 3943 1409 Francofurtum

972 1463 1056 1531 ad
1101 1463 1404 1532 Moenum
1464 1466 1694 1530 misere
1743 1464 1946 1530 vitam
1991 1461 2333 1529 finierunt:
2385 1468 2728 1548 supersunt
2775 1461 2988 1528 adhuc
3040 1469 3172 1528 tres
3233 1483 3502 1546 sororeS,
3564 1484 3696 1527 una
3742 1467 3946 1547 nupta

971 1584 1106 1649 viro
1154 1581 1431 1649 secundo
1450 1576 1528 1666 (3),
1577 1581 1864 1667 reliquae
1913 1581 2079 1647 duae
2097 1575 2152 1621 (⁴²
2202 1580 2511 1665 parvulae
2560 1580 2804 1661 adhuc;
2852 1580 3027 1648 et⁴ex
3056 1581 3366 1648 fratribus
3401 1604 3516 1666 ego
3549 1581 3720 1647 solus
3753 1589 3944 1666 rest0,

971 1723 1217 1786 pauper
1267 1708 1330 1768 et
1376 1703 1580 1786 inops,
1630 1701 1851 1766 multis
1899 1701 2032 1765 iam
2081 1699 2618 1767 sollicitudinibus
2668 1701 2835 1767 curis
2884 1707 3078 1786 atque
3125 1703 3395 1767 miseriis
3431 1701 3842 1788 defatigatuS,
3875 1709 3950 1769 ut

972 1820 1145 1886 idem
1190 1820 1343 1905 fere,
1394 1820 1566 1907 quod
1611 1819 1922 1886 fratribus
1971 1820 2258 1903 contigit,
2311 1821 2577 1886 exitium
2629 1826 2692 1887 et
2739 1819 2900 1885 mihi
2931 1821 3350 1887 metuendum
3382 1822 3483 1889 sit.
3520 1821 3793 1907 Cognati
3823 1823 3951 1887 mei

977 1962 1054 2004 ex
1099 1939 1271 2006 linea
1317 1932 1709 2022 maternaffi),
1757 1940 1826 2003 in
1872 1936 2090 2023 Styria
2136 1939 2440 2020 viventeS,
2488 1960 2605 2022 pro
2652 1937 3044 2004 liberalitate
3093 1961 3228 2023 sua,
3288 1940 3373 2005 ad
3435 1941 3709 2024 gradum
3758 1941 3952 2007 susci-

975 2058 1282 2143 piendum
1328 2058 1725 2133 doctoralem
1773 2058 1839 2122 in
1886 2058 2208 2124 medicina
2255 2057 2502 2142 aliquid
2548 2064 2697 2124 sunt
2744 2057 2982 2142 largiti,
3042 2080 3234 2143 quem
3288 2064 3551 2145 propter
3607 2081 3722 2144 ego
3783 2082 3954 2125 nunc

977 2177 1319 2244 Patavium
1364 2178 1765 2264 proficiscor3
1817 2179 1929 2243 sed
1966 2181 2248 2245 rationes
2283 2178 2365 2244 ab
2399 2179 2540 2244 aliis
2575 2178 2735 2243 mihi
2766 2178 2977 2245 factae
3010 2201 3139 2246 non
3171 2185 3323 2245 sunt
3355 2181 3657 2266 aequales
3688 2181 3955 2267 sumpti-

978 2296 1096 2361 bus
1143 2319 1260 2380 pro
1309 2296 1672 2363 obtinendis
1719 2296 2069 2363 honoribus
2116 2297 2256 2362 istis
2307 2298 2719 2383 exponendis,
2772 2296 3091 2382 Cognatos
3139 2321 3360 2364 rursus
3409 2299 3797 2384 compellare
3827 2321 3957 2366 non

983 2413 1209 2496 audeo,
1260 2415 1411 2499 quia
1449 2417 1556 2480 vix
1592 2414 1660 2479 id
1692 2414 1865 2500 quod
1898 2414 2217 2480 dederunt
2247 2416 2598 2500 impetrare
2629 2415 2844 2500 potui3
2880 2437 3086 2501 neque
3118 2417 3589 2500 promotionem
3628 2417 3802 2499 alibi,
3835 2418 3959 2481 nisi

884 2547 947 2594 70
982 2533 1246 2598 titulum
1295 2532 1572 2599 doctoris
1622 2537 1950 2599 assecutus
1997 2533 2198 2617 fuero,
2249 2555 2506 2619 sperare
2553 2542 2832 2619 possum'.
2885 2533 3098 2612 Quare
3147 2536 3202 2600 si
3247 2539 3557 2620 patronus
3598 2534 3863 2622 quidam
3897 2543 3960 2602 et

982 2659 1276 2738 sumptus
1304 2652 1389 2719 ad
1419 2654 1910 2739 promotionem,
1948 2658 2011 2719 et
2044 2652 2128 2719 ad
2158 2655 2282 2720 iter
2315 2653 2789 2737 suscipiendum
2823 2653 2908 2719 ad
2939 2653 3151 2721 locum
3182 2655 3380 2720 istum
3410 2654 3522 2720 ubi
3552 2654 3702 2722 libri
3731 2655 3958 2738 latent,

984 2771 1396 2859 suppeditare
1425 2773 1638 2856 vellet,
1673 2774 1725 2838 is
1759 2772 1961 2838 animi
1993 2773 2120 2837 mei
2167 2771 2632 2856 gratitudinem
2680 2772 3079 2857 experiretur
3126 2772 3572 2859 infallibiliter,
3608 2773 3851 2840 scilicet
3872 2832 3874 2834 .
3895 2773 3964 2838 in

984 2890 1124 2974 hoc,
1176 2892 1328 2976 quia
1373 2887 1807 2976 iam'fdecrevi
1851 2891 2295 2976 manuscripta
2340 2891 2653 2976 parentiS,
2703 2891 2961 2958 nolente
3007 2891 3259 2958 volente
3305 2890 3724 2977 Imperatore,
3765 2899 3966 2959 'extra

983 3007 1334 3094 Imperium
1379 3008 1622 3094 publici
1667 3008 1878 3075 facere
1910 3010 2086 3092 iuriS,
2138 3014 2203 3074 et
2249 3011 2402 3093 quia
2449 3031 2565 3093 ego
2596 3010 2734 3074 iure
2768 3008 3192 3076 haereditatis
3224 3010 3639 3077 immediatae
3669 3010 3785 3076 illa
3822 3032 3965 3096 pos-

987 3125 1198 3207 sideo;
1234 3131 1304 3191 at
1333 3127 1441 3192 vix
1474 3128 1636 3192 alius
1671 3127 2076 3193 characteres
2114 3128 2422 3211 parentis,
2455 3131 2556 3192 tot
2588 3128 2967 3193 correcturis
3001 3128 3379 3212 maculatOS,
3405 3128 3617 3213 legere
3649 3128 3751 3195 vel
3781 3129 3967 3196 intel-

987 3240 1184 3325 ligere
1215 3246 1431 3326 potest
1478 3264 1673 3328 quam
1708 3265 1843 3327 ego,
1879 3244 1991 3329 qui
2036 3265 2151 3329 per
2197 3243 2524 3329 integrum
2567 3242 2702 3310 fere
2752 3243 3133 3311 decennium
3165 3246 3376 3330 opella
3407 3268 3554 3312 mea
3585 3268 3965 3333 quacunque

987 3365 1244 3447 parenti
1291 3386 1593 3448 praesens
1650 3364 1761 3430 fui.
1815 3364 1968 3443 Quis
2019 3366 2190 3430 enim
2238 3364 2316 3431 cle
2364 3366 2503 3430 iure
2549 3365 2712 3429 {mihi
2756 3366 2997 3450 poterit
3042 3365 3333 3431 inhibere
3386 3365 3970 3451 promulgationem

990 3481 1202 3549 famae
1250 3485 1607 3567 paternae?
1657 3485 1797 3569 quis
1830 3484 2177 3550 interdicet·
2206 3483 2410 3550 bonus
2443 3488 2517 3549 ut
2548 3506 2678 3550 non
2717 3482 2988 3550 debeam
3023 3486 3259 3551 servire
3290 3484 3458 3551 bono
3491 3484 3767 3571 publicO,
3804 3507 3972 3551 com-

993 3602 1380 3668 municando
1414 3602 1610 3669 libros
1645 3601 1805 3668 adeo
1856 3602 2301 3669 desideratos?
2348 3602 2579 3688 Itaque
2628 3600 2788 3687 dico,
2840 3605 2896 3668 si
2942 3604 3080 3688 quis
3132 3608 3299 3669 esset
3330 3608 3638 3688 patronus
3674 3603 3785 3689 qui
3814 3601 3976 3667 mihi

897 3735 959 3783 so
997 3721 1438 3806 suppeditaret
1476 3721 1834 3788 subsidium
1869 3722 2131 3807 aliquod
2164 3726 2228 3786 et
2260 3721 2496 3804 media,
2530 3721 2760 3808 quibus
2802 3722 3061 3788 adiutus
3097 3744 3362 3807 scopum
3395 3723 3713 3806 attingere
3743 3724 3813 3787 in
3842 3736 3974 3788 me-

995 3839 1226 3922 dicina,
1263 3845 1327 3904 et
1356 3847 1582 3924 postea
1616 3839 2099 3925 dispositionem
2148 3838 2233 3905 ad
2264 3839 2770 3924 publicationem
2802 3840 3033 3925 facere,
3066 3863 3341 3926 possem,
3376 3846 3731 3924 mereretur
3762 3842 3815 3906 is
3847 3862 3977 3907 non

995 3964 1252 4023 tantum
1283 3963 1357 4023 ut
1385 3957 1483 4022 illi
1529 3957 2004 4025 adscriberetur
2052 3982 2091 4024 a
2136 3982 2240 4025 me
2286 3981 2451 4024 unus
2483 3957 2586 4025 vel
2623 3958 2789 4024 alter
2822 3980 2901 4024 ex
2947 3959 3087 4025 istis
3123 3959 3324 4042 libris,
3364 3959 3486 4044 sed
3520 3964 3584 4024 et
3614 3960 3978 4025 universam

997 4075 1464 4159 rempublicam
1496 4076 1855 4142 literariam
1902 4076 2024 4142 sibi
2057 4076 2429 4161 devinciret,
2461 4075 2851 4163 laudemque
2883 4085 2948 4146 et
2978 4099 3215 4145 nomen
3250 4077 3615 4145 immortale
3648 4077 3771 4143 sibi
3812 4099 3981 4144 com-

999 4198 1265 4278 pararet
1312 4194 1485 4279 apud
1528 4202 1839 4280 posteros,

1148 4312 1645 4381 Observationes
1693 4313 2013 4400 Tychonis
2061 4314 2234 4401 quod
2283 4317 2538 4400 attinet,
2585 4316 2731 4382 illas
2781 4338 3125 4383 reservare·
3158 4337 3348 4401 cogor
3387 4337 3589 4401 usque
3620 4315 3983 4402 Imperator

1003 4431 1104 4498 vel
1134 4433 1536 4517 satisfecerit,
1564 4433 1666 4500 vel
1688 4434 1828 4501 loco
1854 4435 2313 4502 satisfactionis
2345 4435 2489 4501 illas
2520 4437 2832 4520 potestati
2864 4458 3046 4502 meae
3069 4426 3401 4522 plenariae
3428 4436 3830 4502 concesserit.
3857 4433 3984 4501 Do-

1002 4549 1196 4616 lenda
1228 4573 1381 4617 sane
1405 4551 1805 4636 ingratitudo
1838 4553 2082 4619 Domus
2116 4553 2516 4638 Austriacae,
2544 4577 2708 4640 quae
2741 4554 2924 4621 nobis
2956 4553 3342 4620 haeredibus
3367 4553 3675 4640 Keppleri
3701 4557 3984 4620 extreme

1008 4671 1366 4752 angustatis
1413 4692 1601 4754 opem
1647 4693 1833 4736 suam
1882 4670 2201 4757 denegare
2247 4678 2481 4757 potest,
2533 4695 2679 4739 cum
2725 4677 2913 4758 pater
2945 4672 3032 4738 ad
3064 4673 3572 4739 conservandam
3615 4671 3827 4737 dictae
3859 4671 3986 4737 Do·
4073 4759 4077 4760 γ

1007 4808 1146 4851 mus
1193 4786 1673 4854 Illustrissimae
1721 4788 2205 4874 authoritatem,
2256 4795 2322 4855 et
2369 4791 2453 4856 ad
2499 4791 3006 4876 promovendam
3037 4791 3391 4858 utilitatem
3422 4790 3815 4876 reipublicae
3846 4790 3988 4856 lite-

909 4917 971 4965 90
1007 4906 1237 4989 rariae,
1289 4928 1706 4992 quaecunque
1754 4907 1837 4972 ab
1886 4908 2027 4973 aliis
2062 4907 2342 4974 obtinuit
2373 4908 2688 4975 beneficia
2718 4907 3122 4994 Principibus
3156 4910 3539 4995 exposuerit.
3573 4907 3753 4974 Inter
3786 4908 3987 4975 dictos

1009 5030 1225 5089 autem
1263 5025 1590 5112 Principes
1639 5027 2081 5094 benefactores
2131 5026 2761 5095 munificentissimos
2807 5051 2939 5096 non
2971 5030 3235 5096 ultimus
3271 5051 3523 5115 quoque
3554 5028 3677 5094 fuit
3709 5027 3989 5095 Serenis-

1011 5143 1207 5206 simus
1256 5139 1561 5228 [V]ester,
1612 5151 1763 5210 ante
1809 5169 2047 5231 paucos
2099 5168 2299 5213 annos
2348 5147 2747 5231 pientissime
2798 5147 3157 5232 defunctuS,
3190 5147 3623 5230 Florentinus,
3659 5147 3836 5213 cuius
3871 5147 3993 5213 cle-

1156 5352 1207 5390 (1)
1241 5354 1470 5402 ramma
1507 5370 1531 5403 e
1566 5357 1859 5405 Innnssnssro.

1157 5434 1206 5473 (Ξ)
1243 5436 1473 5484 ΞΠΞΑΝΝΑ
1505 5438 1828 5486 ΒΕΙΤΤῙΝοΕΒ.

1156 5515 1208 5555 (3)
1243 5518 1473 5565 SUSANNA
1509 5520 1787 5567 rimaritata
1821 5532 1849 5567 a
1882 5521 2118 5568 MAR‘rmo
2150 5521 2354 5570 Hmnn.

2704 5358 2758 5398 ¹¹⁴)
2794 5359 3027 5407 Gonnum
3064 5359 3122 5406 ed
3154 5358 3294 5406 Amu
3327 5360 3512 5406 MARIA.

2706 5438 2758 5479 (5)
2793 5442 2853 5487 Di
2884 5442 3121 5488 BARBARA
3156 5454 3208 5488 DI
3240 5442 3500 5489 Munnscx.
