5400 6817
926 1296 989 1346 40

928 2397 991 2447 50

1034 676 1270 763 [3489]
2207 680 2282 742 22
2324 688 2605 741 Miiucio
2652 679 2826 741 1637.
3929 682 4009 743 85

1033 846 1243 903 etenim
1286 843 1375 916 (ut
1412 841 1487 901 ad
1524 861 1616 901 me
1655 840 2002 915 scripseras)
2041 843 2153 899 iam
2195 861 2228 898 a
2266 859 2462 898 mense
2486 839 2835 898 Novembris
2865 839 2937 898 ab
2968 840 3387 900 Illustrissimis
3416 842 3732 901 Ordinibus
3762 842 4014 915 decret0,

1032 953 1171 1030 quid
1206 952 1578 1030 postmodum
1614 957 1842 1012 tantam
1882 953 2004 1011 eius
2044 971 2265 1011 moram
2298 932 2523 1011 causari
2552 952 2828 1025 potuerit,
2857 971 2963 1011 nec
2989 940 3398 1027 percipi0,nec
3425 953 3730 1014 Illustriss.
3758 954 4017 1027 GrotiUS,

1031 1067 1120 1124 cui
1158 1063 1577 1124 coniiciendum
1614 1064 1913 1136 relinquis,
1951 1063 2012 1121 id
2051 1064 2414 1136 assequitur3
2455 1067 2544 1120 est
2581 1064 2735 1120 enim
2774 1062 3117 1137 inauditum,
3144 1064 3264 1121 ulla
3301 1085 3426 1123 esse
3454 1067 3696 1139 negocia
3736 1084 3883 1138 quae
3925 1070 4020 1123 tot

1030 1176 1312 1234 mensium
1352 1173 1600 1234 decursu
1636 1173 2125 1232 intermissionem
2166 1173 2419 1244 aliquam
2460 1193 2578 1230 non
2614 1174 2921 1245 recipiant.
2961 1172 3220 1245 Cumque
3257 1174 3314 1231 id
3358 1177 3452 1244 (ut
3501 1195 3608 1249 per
3653 1179 3713 1233 te
3760 1174 4017 1233 iudicare

1025 1288 1217 1361 potes)
1257 1286 1418 1344 illum
1457 1287 1665 1344 merito
1705 1284 2046 1359 perplexum
2086 1289 2289 1342 tenere
2328 1283 2544 1342 debeat
2570 1285 2847 1355 variaque
2875 1283 2947 1341 de
2973 1285 3270 1343 verisimili
3297 1284 3568 1359 producti
3598 1285 3769 1344 huius
3802 1284 4020 1351 silentii

1026 1416 1201 1455 causa
1240 1398 1612 1470 cogitantem,
1649 1416 1768 1454 non
1807 1395 1881 1454 ob
1921 1398 2183 1469 spretum
2225 1395 2507 1467 parvique
2545 1392 2810 1451 habitum
2850 1413 3077 1465 munUS,
3105 1399 3208 1452 aut
3234 1396 3369 1466 quia
3395 1393 3467 1452 ab
3496 1395 3564 1453 iis
3591 1396 3753 1468 prius
3781 1394 4017 1453 damna-

1025 1510 1149 1565 tum
1188 1524 1359 1579 quam
1398 1508 1696 1580 cognitum
1737 1506 1833 1576 sit,
1873 1503 2178 1576 quomode,
2218 1522 2450 1576 quaesQ
2492 1504 2646 1560 inter
2682 1502 2828 1560 haec
2866 1501 3046 1560 dubia
3082 1503 3436 1575 ulteriorem,
3478 1522 3647 1575 quam
3678 1503 3865 1563 libens
3892 1503 4017 1578 pol-

1025 1615 1219 1675 licitus
1257 1615 1452 1674 fuerat
1491 1619 1550 1673 et
1587 1634 1759 1688 quam
1796 1634 1949 1673 nunc
1989 1613 2235 1672 sollicite
2274 1613 2508 1687 premiS,
2547 1614 2670 1670 eius
2710 1614 2934 1671 inventi
2975 1613 3445 1687 explanationem
3485 1613 3558 1672 ab
3602 1634 3668 1672 eo
3708 1619 4019 1688 expectare

1025 1725 1216 1796 liceat,
1254 1746 1359 1783 nec
1397 1725 1583 1797 video,
1622 1744 1728 1783 nec
1764 1725 2024 1783 rationes
2065 1723 2273 1795 quibus
2300 1722 2461 1779 illum
2492 1722 2567 1779 ad
2592 1722 2652 1780 id
2679 1722 2899 1794 horter,
2925 1727 2993 1780 ut
3024 1722 3252 1795 suadeS,
3277 1724 3417 1781 mihi
3445 1727 3786 1798 suppetunt,
3818 1724 4018 1796 donec,

1027 1835 1562 1893 illustrissimorum
1601 1833 1884 1892 Ordinum
1925 1833 1999 1890 ad
2036 1832 2199 1889 illum
2237 1851 2519 1904 responso
2558 1830 2780 1903 habito,
2822 1838 2882 1889 et
2919 1831 3194 1890 donantis
3234 1834 3505 1904 animum,
3555 1836 3615 1891 et
3659 1853 3782 1891 rem
3830 1834 4018 1907 ipsam

1024 1945 1362 2020 benigniter
1398 1948 1713 2017 acceptam,
1755 1944 2218 2016 penitioremque
2256 1943 2378 2000 eius
2406 1941 2899 2014 dilucidationem,
2939 1941 3014 2000 ad
3052 1943 3359 2016 negocium
3392 1942 3809 2017 capessendum
3849 1947 3909 2001 et
3946 1941 4022 2000 ad

1026 2056 1255 2131 praxim
1292 2052 1706 2124 reducendum,
1745 2052 1940 2125 expeti
1979 2050 2053 2109 ab
2091 2051 2179 2123 iis,
2218 2052 2528 2109 resciscat:
2555 2068 2687 2107 nam
2717 2054 2860 2111 tunc
2887 2051 3039 2108 serio
3067 2050 3141 2108 ad
3168 2050 3398 2109 illorum
3429 2049 3819 2111 Celsitudines
3849 2070 4020 2122 quae-

1026 2185 1270 2239 cumque
1308 2167 1560 2240 primum
1596 2163 1787 2222 libens
1826 2161 1941 2221 illis
1982 2161 2215 2235 obtulit,
2257 2181 2431 2235 quam
2457 2162 2744 2220 ociissime
2768 2164 3153 2234 transmittet,
3179 2162 3558 2237 telescopium
3594 2161 3866 2221 videlicet
3890 2183 4022 2236 per-

1026 2277 1424 2344 fectissimum,
1463 2276 1701 2346 eiusque
1738 2271 1943 2332 utendi
1981 2272 2216 2332 modum
2254 2292 2288 2329 a
2327 2292 2389 2331 se
2428 2274 2844 2345 excogitatum,
2882 2273 3050 2330 navis
3087 2273 3148 2330 in
3173 2273 3321 2330 mari
3346 2272 3651 2331 librationi
3687 2271 4021 2331 accomoda-

1026 2390 1169 2457 tum,
1195 2391 1319 2443 tum
1345 2382 1645 2443 Iovialium
1673 2382 1985 2442 Stellarum
2017 2380 2280 2440 motuum
2313 2380 2770 2454 observationes,
2799 2385 2859 2440 et
2884 2381 3174 2456 horologii
3200 2385 3621 2441 accuratissimi
3647 2404 3681 2441 a
3710 2402 3770 2440 se
3796 2384 4021 2440 inventi

1028 2497 1326 2570 fabricam,
1367 2497 1673 2568 omniaque
1711 2495 1888 2554 animi
1924 2495 2134 2552 intima
2172 2497 2232 2552 et
2268 2493 2588 2567 penitiores
2625 2512 2891 2551 recessus
2938 2492 3133 2551 verbis
3188 2505 3247 2551 et
3298 2495 3532 2567 scriptis
3584 2514 3760 2567 super
3811 2493 3919 2551 hac
3956 2513 4021 2551 re

1029 2605 1375 2680 explicabit3
1415 2626 1542 2663 cum
1585 2625 1653 2663 ea
1690 2606 1769 2662 sit
1806 2600 2265 2678 philanthropia,
2304 2608 2372 2661 ut
2408 2622 2527 2661 non
2566 2601 2827 2677 gaudeat
2864 2604 3119 2662 inventis
3172 2604 3285 2661 nisi
3331 2608 3618 2677 quatenus
3660 2624 3727 2661 ea
3765 2604 4019 2661 humano

1029 2718 1231 2791 generi
1266 2717 1398 2774 usui
1435 2715 1638 2773 futura
1675 2733 1802 2773 esse
1839 2716 2019 2785 novit,
2058 2732 2235 2786 seque
2272 2714 2523 2772 maxime
2560 2713 2668 2771 hac
2708 2733 2812 2786 spe
2850 2713 3074 2772 soletur
3114 2719 3173 2772 et
3211 2713 3563 2785 substentet,
3601 2714 3726 2771 fore
3763 2714 3871 2771 hoc
3919 2733 4019 2771 no-

1028 2823 1324 2881 vissimum
1364 2841 1532 2880 suum
1570 2822 1891 2891 inventum,
1931 2817 2038 2877 sub
2077 2817 2342 2876 felicibus
2381 2818 2918 2877 Illustrissimorum
2954 2817 3336 2877 Dominorum
3365 2819 3654 2892 auspiciiS,
3685 2818 3846 2876 velut
3871 2837 4022 2876 nova

1029 2934 1131 2993 fax
1170 2936 1230 2991 et
1269 2932 1518 2992 caeleste
1555 2932 1752 2989 lumen
1789 2928 2147 3003 geographis
2175 2933 2235 2986 et
2260 2928 2676 3001 navigantibus
2704 2929 2764 2986 in
2790 2932 3107 3002 posterum,
3142 2948 3268 2986 cum
3295 2931 3536 2989 aeterna
3563 2928 3794 2986 illorum
3832 2928 4022 3002 gloria

1033 3047 1094 3102 et
1130 3046 1419 3118 perpetua
1457 3042 1713 3100 auctoris
1749 3040 2045 3110 memoria,
2083 3037 2398 3096 illucescat.

1171 3153 1363 3223 Quare
1401 3171 1528 3209 cum
1567 3153 1629 3208 in
1666 3154 1894 3224 partem
1935 3149 2338 3221 augustissimi
2377 3148 2548 3207 huius
2586 3146 2807 3207 laboris
2846 3145 2920 3205 ab
2959 3146 3059 3205 illo
3098 3149 3338 3219 voceris,
3378 3152 3614 3205 tuarum
3638 3148 3717 3205 sit
3741 3149 4014 3221 partium,

1028 3267 1118 3323 vir
1157 3264 1507 3335 Clarissime,
1550 3262 2080 3320 Illustrissimorum
2118 3259 2502 3318 Dominorum
2544 3258 2827 3318 Ordinum
2864 3260 3134 3333 responsi
3172 3260 3454 3334 ancipites
3492 3280 3685 3318 moras
3724 3262 3880 3320 omni
3919 3264 4020 3319 tuo

960 3451 963 3453 q
1028 3376 1162 3433 nisu
1197 3394 1488 3449 rumpere,
1527 3373 1789 3446 illudque
1826 3393 1954 3431 cum
1993 3373 2247 3445 primum
2287 3370 2362 3430 ad
2398 3391 2488 3429 me
2527 3390 2634 3445 per
2674 3370 2987 3430 Dominum
3014 3370 3316 3429 Ieremiam
3344 3370 3759 3431 Calandrinum
3787 3374 4021 3430 mitten-

930 3496 994 3546 60
1030 3485 1166 3544 dum
1193 3504 1415 3558 curare,
1441 3505 1568 3544 cum
1597 3483 1875 3543 adiuncta
1902 3484 2023 3541 eius
2049 3484 2317 3557 responsi
2349 3483 2532 3557 copia,
2558 3486 2627 3540 ut
2653 3502 2780 3557 ego,
2808 3481 2880 3540 de
2908 3502 3106 3541 eorum
3135 3486 3329 3540 mente
3355 3484 3571 3542 certior
3595 3483 3803 3555 factus,
3834 3482 4020 3542 effica-

929 4595 991 4643 70

1029 3598 1150 3655 cius
1189 3596 1345 3670 quod
1382 3596 1631 3655 ulterius
1669 3596 1855 3653 instat
1893 3592 2239 3665 faciendum,
2279 3592 2438 3665 apud
2476 3613 2605 3651 eum
2645 3612 2906 3666 urgeam.
2949 3593 3204 3665 Utinam,
3251 3598 3492 3667 arrepta
3542 3595 3841 3652 occasione
3890 3613 4021 3666 pro-

1027 3708 1295 3765 fectionis
1316 3708 1499 3765 vestri
1525 3705 1794 3765 Consulis
1818 3705 2050 3764 Domini
2075 3704 2295 3764 Borelii
2325 3704 2400 3762 ad
2424 3703 2779 3776 legationem
2801 3703 3101 3775 Venetam,
3128 3702 3664 3762 Illustrissimorum
3693 3709 4021 3763 vestrorum

1028 3816 1313 3875 Ordinum
1351 3815 1645 3888 mandato,
1683 3821 1744 3873 te
1781 3814 1858 3873 ad
1904 3814 2227 3874 Galilaeum
2273 3813 2588 3884 conferres,
2633 3816 2701 3871 ut
2744 3832 3024 3887 praesens
3084 3812 3268 3886 (quod
3324 3815 3422 3871 vix
3472 3812 3616 3873 alias
3659 3834 3765 3887 per
3816 3813 4020 3872 literas

1028 3925 1228 3998 perfici
1266 3926 1485 3998 potest)
1526 3924 1699 3982 huius
1737 3926 1892 3982 tanti
1929 3924 2152 3995 negotii
2192 3923 2385 3980 omnia
2423 3923 2708 3994 requisita
2746 3942 2780 3979 a
2818 3921 3066 3980 dicentis
3106 3942 3206 3980 ore
3245 3922 3521 3995 colligere
3560 3928 3620 3980 et
3654 3924 3920 3996 excipere
3961 3925 4022 3979 et

1028 4034 1101 4093 ad
1140 4038 1369 4093 vestros
1408 4033 1647 4106 referre,
1686 4034 2052 4106 insignisque
2089 4032 2203 4090 viri
2231 4031 2561 4103 singulares
2590 4029 2758 4089 dotes
2787 4032 3057 4104 experiri,
3087 4031 3360 4105 illiusque
3387 4036 3629 4105 aspectu
3660 4037 3719 4090 et
3756 4050 4020 4090 sermone

1027 4165 1154 4202 cum
1191 4142 1474 4202 indicibili
1512 4160 1943 4215 numquamque
1979 4142 2423 4199 intermoritura
2462 4141 2768 4214 voluptate
2805 4140 2938 4211 frui,
2978 4142 3211 4213 posses!

1169 4252 1325 4310 Tuas
1365 4257 1425 4310 et
1462 4251 1611 4310 Nob.
1650 4250 1836 4309 Realii
1886 4249 1964 4308 ad
2016 4269 2146 4307 eum
2194 4250 2398 4308 literas
2437 4250 2551 4308 iam
2593 4247 2812 4307 dudum
2853 4252 3167 4309 transmisi.
3211 4250 3353 4309 Cum
3404 4251 3478 4309 ab
3524 4250 3816 4309 Elzevirio
3865 4271 4023 4309 acce-

1027 4364 1231 4435 perim,
1268 4360 1432 4419 nulla
1469 4359 1799 4420 adhucdum
1840 4359 2165 4418 Galilaeani
2203 4359 2517 4417 Discursus
2558 4380 2665 4432 pro
2704 4359 2906 4417 mundi
2933 4362 3271 4433 systematis
3298 4362 3639 4433 assertione,
3665 4361 3845 4420 latine
3872 4381 3907 4419 a
3930 4381 4021 4420 me

1029 4474 1182 4531 versi
1202 4472 1274 4543 (1),
1313 4471 1672 4545 exemplaria
1709 4470 1782 4529 ad
1812 4473 1872 4528 te
1901 4471 2253 4543 pervenisse,
2283 4490 2413 4529 ecce
2438 4469 2547 4528 tibi
2571 4490 2753 4528 unum
2781 4471 3097 4544 exemplar,
3123 4491 3196 4528 ne
3223 4461 3284 4529 te
3309 4471 3562 4545 longiori
3589 4473 3710 4530 eius
3751 4476 4021 4544 expecta-

1027 4584 1187 4641 tione
1225 4582 1534 4640 detineam.
1571 4580 1739 4639 Illius
1777 4578 2190 4654 publicationis
2231 4580 2590 4638 occasionem
2632 4599 2700 4636 ex
2739 4599 2867 4637 mea
2904 4579 3287 4652 praefatione,
3328 4579 3437 4637 sub
3476 4579 3681 4638 fictitio
3711 4580 4019 4640 Robertini

1028 4694 1278 4765 nomine,
1318 4710 1650 4765 cognosces,
1689 4689 1999 4748 Miraberis
2038 4691 2099 4747 in
2124 4689 2251 4761 hoc,
2278 4692 2346 4747 ut
2370 4691 2430 4746 in
2456 4689 2584 4750 aliis
2613 4688 2899 4761 omnibus,
2926 4691 3182 4747 auctoris
3209 4709 3481 4748 acumen:
3517 4710 3651 4748 nam
3679 4690 3833 4764 quod
3859 4711 4020 4749 meae

1027 4804 1141 4862 fuit
1177 4823 1390 4878 operae
1427 4804 1487 4860 in
1527 4800 1827 4873 vertendo,
1867 4800 2033 4858 nihili
2074 4804 2179 4871 est,
2218 4820 2324 4858 nec
2360 4820 2573 4858 nomen
2618 4801 2832 4858 meruit
2878 4801 3111 4874 apponi,
3153 4819 3501 4874 quamquam
3540 4800 3612 4860 D.
3639 4800 4020 4876 Berneggero

1029 4912 1447 4971 contranitenti
1484 4910 1656 4968 aliter
1685 4909 1866 4968 fuerit
1902 4910 2090 4967 visum
2107 4908 2178 4967 (2).

1169 5015 1319 5075 Nob.
1351 5014 1567 5089 Reali0,
1593 5035 1721 5074 meo
1760 5016 2010 5087 nomine,
2050 5014 2534 5088 quamplurimam
2562 5014 2811 5073 salutem
2838 5015 3156 5089 impertire,
3189 5014 3469 5088 illumque
3493 5019 3561 5074 ut
3587 5036 3732 5090 opus
3771 5015 3882 5075 sibi
3912 5037 4020 5091 pro

1026 5147 1308 5201 responso
1347 5125 1880 5185 Illustrissimorum
1920 5124 2203 5183 Ordinum
2242 5124 2317 5183 ad
2356 5123 2506 5183 Nob.
2546 5123 2871 5184 Galilaeum
2909 5124 3249 5183 mandatum
3293 5130 3567 5198 maturet,
3617 5128 3790 5185 etiam
3845 5130 4022 5200 atque

1029 5238 1204 5296 etiam
1241 5255 1404 5310 roga.
1482 5235 1641 5294 Vale.

1171 5369 1315 5416 Lett.
1348 5365 1520 5414 3489.
1553 5365 1626 5411 52.
1654 5364 2033 5424 philanthropia,
2068 5372 2108 5409 et
2140 5380 2232 5409 non
2256 5389 2315 5397 -
2338 5363 2413 5411 57.
2448 5362 2961 5424 auquetissimis-69,
2995 5364 3060 5409 acl
3091 5380 3136 5409 ee
3163 5365 3502 5423 pervenisse-

1506 5468 2409 5475 *Um.

1178 5516 1230 5556 1)
1267 5519 1361 5565 Cfr.
1396 5529 1466 5564 n.0
1500 5518 1638 5566 3058.
2730 5514 2782 5553 (2
2820 5516 2916 5565 Cfr.
2949 5516 3046 5565 nn.i
3081 5518 3219 5578 3257,
3253 5518 3390 5567 3442.
