5400 6817
1555 693 1635 753 84
2737 697 2812 756 22
2854 706 3136 760 MAGGIO
3184 699 3358 760 1637.
4296 699 4529 784 [3489]

2918 965 3182 1046 3489.

2020 1143 2209 1202 ELIA
2249 1144 2577 1204 DIODATI
2617 1167 2652 1203 a
2688 1144 3054 1204 MARTINO
3096 1145 3482 1205 ORTENSIO
3527 1143 3611 1222 [in
3650 1146 4071 1225 Amsterdam].

2682 1268 2884 1332 Parigi,
2916 1270 2977 1317 22
3012 1268 3225 1332 maggio
3263 1270 3397 1318 1637.

1549 1449 1635 1495 Dal
1670 1449 1814 1495 Temo
1849 1450 1940 1509 ΠΙ,
1973 1464 2081 1508 pag.
2105 1449 2338 1508 ‹ms-445,
2373 1450 2711 1498 dell'edizione
2747 1451 2903 1498 citata
2936 1451 3413 1499 nell’informazione
3447 1467 3689 1511 premessa
3725 1453 3768 1499 al
3804 1463 3875 1501 n.0
3913 1454 4046 1500 1201.

2636 1611 2855 1685 Parigi‚
2893 1614 2963 1669 22
3000 1611 3244 1686 Maggio
3287 1616 3443 1673 1637.

1692 1749 1781 1807 De
1819 1748 2179 1808 Nobilissimi
2219 1748 2462 1809 Galilaei
2488 1751 2726 1823 negotio
2753 1751 3011 1822 impense
3039 1751 3352 1810 sollicitum
3378 1770 3496 1808 non
3521 1750 3731 1808 leviter
3756 1770 3847 1809 me
3874 1750 4261 1810 sublevarunt
4302 1755 4539 1827 exopta-

1548 1861 1810 1918 tissimae
1836 1863 1973 1918 tuae
1999 1859 2207 1918 literae
2231 1858 2300 1932 (1),
2329 1860 2539 1931 quibus
2575 1861 2930 1932 (humaniter
2956 1862 3038 1919 ita
3065 1862 3173 1919 tibi
3199 1862 3499 1935 placitum)
3529 1860 3794 1920 omnibus
3824 1881 3972 1933 quae
4002 1882 4036 1920 a
4062 1865 4121 1920 te
4147 1864 4539 1936 expetiveram

1551 1972 2003 2029 cumulatissime
2041 1970 2380 2043 respondeS,
2419 1975 2702 2044 tuumque
2730 1992 2872 2045 erga
2899 1992 3027 2030 eum
3054 1974 3284 2046 insigne
3311 1973 3568 2031 studium
3597 1974 3790 2032 verbis
3818 1973 4250 2047 cordatissimis,
4282 1977 4537 2048 ipsisque

1546 2085 1723 2142 etiam
1761 2083 1929 2141 factis
1969 2082 2426 2157 comprobatum,
2466 2083 2605 2141 mihi
2645 2086 2953 2158 expromis
2995 2084 3184 2155 Quare
3223 2087 3717 2160 opportunissime
3757 2088 3940 2145 totius
3969 2087 4138 2145 huius
4180 2089 4270 2146 sui
4311 2091 4537 2161 negotii

1551 2196 1840 2268 promotio
1879 2198 1939 2252 et
1975 2194 2259 2268 perfectio
2287 2193 2360 2252 ab
2389 2214 2455 2252 eo
2487 2200 2624 2253 tuae
2652 2194 2788 2252 fidei
2816 2199 2875 2253 et
2901 2199 3206 2254 accuratae
3234 2194 3573 2269 diligentiae
3601 2195 3895 2255 destinata
3922 2202 4027 2269 est,
4057 2198 4537 2270 quemadmodum

1555 2326 1627 2363 ex
1664 2303 2021 2377 apographis
2063 2305 2184 2361 eius
2223 2303 2542 2377 literarum,
2584 2303 2659 2362 ad
2698 2324 2789 2362 me
2827 2303 2899 2362 de
2936 2303 3046 2362 hac
3084 2324 3148 2363 re
3187 2307 3554 2379 scriptarum,
3592 2305 3685 2363 hic
3724 2306 3966 2364 adnexis
4013 2308 4325 2380 percipies3
4368 2327 4537 2379 quam

1552 2415 1823 2475 fiduciam
1860 2436 1987 2474 meo
2026 2415 2101 2473 ad
2140 2436 2236 2474 eas
2275 2435 2557 2488 responso
2597 2415 2800 2475 sedulo
2839 2414 2923 2473 illi
2962 2416 3314 2488 confirmavi,
3355 2416 3515 2475 nulla
3552 2418 3786 2476 interim
3826 2416 3897 2475 de
3929 2417 4051 2476 eius
4078 2418 4300 2476 inventi
4326 2438 4537 2491 propa-

1552 2528 1772 2585 latione
1809 2525 2041 2584 Morino
2070 2529 2130 2583 et
2154 2524 2484 2598 MersennO,
2514 2547 2548 2584 a
2573 2525 2737 2584 vobis
2770 2526 2943 2597 facta,
2966 2528 3261 2586 mentione
3287 2526 3369 2584 illi
3396 2525 3614 2598 habita,
3645 2548 3718 2585 ne
3747 2528 3905 2586 inani
3933 2528 4258 2600 suspicione
4284 2530 4539 2586 animum

1566 2639 1686 2696 eius
1729 2637 2129 2712 obvolverem3
2170 2637 2241 2696 de
2280 2658 2347 2696 ea
2385 2637 2445 2694 id
2483 2642 2807 2713 auguratus
2847 2637 3003 2711 quod
3040 2659 3103 2696 re
3141 2640 3270 2713 ipsa
3310 2659 3378 2696 ex
3405 2638 3591 2696 literis
3618 2640 3734 2697 tuis
3775 2640 4044 2712 comperi,
4076 2659 4177 2697 vos
4209 2639 4443 2710 scilicet,
4472 2660 4542 2696 ex
4581 2650 4641 2697 10

1559 2751 1858 2808 occasione
1896 2749 2169 2823 vulgatae
2211 2748 2283 2807 de
2323 2769 2388 2808 eo
2442 2749 2599 2824 apud
2637 2754 2863 2808 vestros
2911 2756 3216 2823 magnates
3271 2755 3330 2807 et
3381 2749 3735 2809 academicos
3776 2750 4092 2809 Leidenses
4138 2751 4343 2824 famae,
4382 2750 4539 2809 Mer-

1558 2880 1740 2918 senno
1781 2863 1841 2917 et
1876 2859 2109 2918 Morino
2147 2879 2271 2917 rem
2309 2862 2538 2918 tantum
2579 2859 2773 2918 verbis
2825 2859 3198 2933 generalibus
3253 2861 3605 2932 exposuisse,
3658 2864 3717 2918 et
3768 2881 3802 2917 a
3852 2881 3944 2919 me
3995 2864 4252 2934 rogatos,
4305 2881 4431 2919 cum
4472 2861 4540 2919 iis

1560 2969 1806 3042 aliisque
1845 2968 1917 3027 de
1954 2990 2022 3027 ea
2060 2969 2308 3042 amplius
2347 2989 2464 3027 non
2504 2972 2710 3043 egisse.
2753 2969 2947 3028 Satius
2986 2972 3183 3028 tamen
3221 2970 3430 3028 suisset
3472 2969 3561 3041 (ut
3607 2974 3666 3027 et
3703 2972 3828 3042 ipse
3881 2970 4193 3044 agnoscis),
4242 2972 4542 3028 inventum

1556 3080 1667 3138 hoc
1705 3078 1968 3137 abditum
2009 3082 2414 3136 conservatum
2453 3078 2649 3151 fuisse,
2691 3079 2874 3137 donec
2915 3080 2963 3137 ei
3005 3080 3290 3154 colophon
3328 3081 3635 3152 impositus
3674 3085 3846 3152 esset,
3884 3100 3950 3138 re
3975 3082 4103 3153 ipsa
4128 3081 4250 3139 sine
4277 3081 4388 3139 alio
4424 3102 4540 3139 mo-

1557 3191 1687 3247 nitu
1725 3189 2020 3246 silentium
2059 3189 2201 3246 satis
2240 3187 2550 3246 indicente.
2591 3188 2724 3245 Non
2762 3194 3077 3261 propterea
3115 3192 3330 3259 tamen,
3367 3192 3434 3245 ut
3474 3209 3662 3261 spero,
3692 3189 4076 3246 inextimabili
4102 3189 4223 3247 eius
4250 3191 4456 3246 merito
4484 3192 4542 3246 et

1556 3299 1809 3357 auctoris
1850 3296 2058 3355 honori
2096 3296 2498 3380 derogabitur,
2540 3316 2707 3370 quam
2750 3296 3140 3355 indubitatam
3181 3299 3302 3355 eius
3341 3298 3650 3355 veritatem
3688 3298 3817 3371 ipso
3860 3298 4017 3355 facto
4070 3297 4234 3356 vobis
4286 3318 4542 3372 compro-

1558 3409 1699 3466 bare
1739 3410 1980 3480 paratus
2018 3408 2111 3466 sit.
2152 3407 2272 3465 Nec
2311 3407 2462 3464 enim
2501 3406 2657 3479 quod
2695 3408 2756 3464 in
2795 3409 3194 3480 propositione
3224 3428 3326 3465 sua
3353 3406 3428 3464 ad
3455 3407 3889 3466 Illustrissimos
3917 3407 4166 3466 Ordines
4205 3408 4544 3466 dubitanter

1559 3516 1703 3576 illud
1743 3517 2061 3590 protulisse
2101 3516 2386 3586 videatur,
2425 3537 2492 3574 eo
2531 3537 2706 3574 sensu
2744 3515 2804 3574 id
2842 3516 3242 3590 accipiendum
3282 3523 3387 3589 est,
3428 3518 3593 3590 quasi
3632 3538 3697 3575 re
3733 3538 3873 3576 vera
3901 3517 3972 3576 de
3999 3537 4064 3575 eo
4094 3516 4302 3575 dubius
4334 3518 4542 3590 fuerit3

1556 3631 1926 3702 importunae
1952 3626 2237 3700 siquidem
2263 3648 2369 3685 nec
2396 3627 2763 3686 excusandae
2782 3629 3134 3686 temeritatis
3157 3627 3477 3701 culpandus
3499 3628 3669 3700 foret,
3698 3630 3745 3687 si
3772 3628 4189 3687 Illustrissimis
4211 3628 4541 3700 OrdinibuS,

1555 3761 1627 3798 ex
1647 3745 1768 3800 tam
1794 3740 2127 3816 longinquis
2155 3742 2288 3813 oriS,
2318 3761 2352 3797 a
2376 3742 2603 3798 nemine
2632 3741 2964 3812 requisitUS,
2986 3742 3073 3797 rei
3091 3741 3346 3798 incertae
3372 3742 3764 3798 ostentatione
3792 3740 4098 3812 illusisset3
4125 3759 4323 3797 verum
4350 3738 4542 3797 mode·
4581 3749 4642 3797 20

1558 3854 1705 3911 stiae
1744 3851 2009 3910 omnibus
2049 3852 2341 3926 primariis
2374 3851 2754 3924 philosophis,
2793 3849 2930 3908 licet
2958 3849 3322 3925 dogmaticis,
3349 3850 3622 3908 familiari
3661 3851 3720 3908 id
3746 3849 4139 3920 tribuendum,
4172 3849 4409 3907 inventa
4439 3869 4543 3907 sua

1558 3969 1618 4020 et
1643 3963 1944 4035 opiniones
1972 3963 2240 4034 proprias
2269 3960 2461 4018 verbis
2488 3965 2557 4019 ut
2584 3960 2897 4034 plurimum
2926 3962 3196 4032 scepticis
3226 3965 3283 4017 et
3322 3960 3512 4017 dubiis
3553 3959 4034 4034 proponentibus
4074 3959 4238 4030 Nam,
4266 3963 4333 4016 ut
4359 3958 4545 4017 dicam

1559 4072 1714 4145 quod
1740 4092 1832 4129 res
1857 4075 1946 4129 est
1974 4075 2033 4129 et
2059 4070 2214 4144 quod
2241 4070 2380 4127 mihi
2409 4069 2482 4127 ab
2511 4091 2578 4128 eo
2610 4074 2893 4129 testatum
2923 4091 2993 4127 ex
3019 4072 3140 4128 eius
3168 4070 3356 4128 literis
3389 4069 3569 4141 vides,
3598 4071 3898 4127 inventum
3930 4069 4039 4127 hoc
4066 4089 4233 4127 suum
4264 4069 4352 4140 (ut
4382 4070 4543 4142 prius

1557 4181 1634 4239 ad
1668 4187 1731 4239 te
1768 4182 2073 4254 scripsisse
2109 4181 2386 4253 memini),
2427 4182 2616 4252 primo
2656 4179 2768 4238 sibi
2807 4185 3185 4253 compertum,
3227 4179 3435 4236 deinde
3462 4181 3582 4252 iugi
3612 4179 3930 4236 multorum
3963 4199 4246 4236 annorum
4279 4177 4545 4236 observa·

1554 4296 1714 4351 tione
1741 4296 1801 4349 et
1820 4293 2048 4349 iteratis
2070 4292 2484 4365 experimentis
2503 4291 2925 4362 confirmatum,
2953 4290 3178 4364 sibique
3200 4292 3363 4364 prius
3387 4292 3747 4364 penitissime
3770 4293 4085 4364 cognitum,
4106 4290 4267 4348 velut
4299 4290 4544 4347 caeleste

1558 4402 1790 4460 demum
1829 4403 2098 4474 omnique
2136 4401 2364 4458 excelsa
2401 4403 2667 4474 potentia
2706 4400 3127 4474 dignissimum,
3164 4401 3585 4458 Illustrissimis
3612 4399 3874 4458 Dominis
3905 4399 4221 4457 Ordinibus
4263 4399 4545 4457 submisse

1560 4516 1620 4570 et
1655 4515 2011 4581 reverenter,
2051 4530 2124 4567 ne
2162 4510 2314 4566 felici
2351 4509 2460 4566 hac
2499 4514 2658 4568 sorte
2697 4509 2808 4568 sibi
2848 4509 3129 4567 divinitus
3168 4529 3441 4567 concessa
3480 4513 3801 4566 tumescere
3839 4508 4155 4580 videretur,
4197 4527 4545 4580 quamquam

1560 4620 1632 4678 de
1671 4621 1794 4678 eius
1833 4621 2081 4677 veritate
2120 4618 2453 4677 nullatenus
2493 4639 2704 4692 anceps
2746 4624 2850 4676 aut
2888 4617 3099 4676 dubius
3128 4622 3297 4689 esset,
3326 4616 3558 4676 illorum
3583 4617 3874 4676 heroicam
3903 4619 4179 4675 virtutem
4209 4625 4267 4675 et
4295 4617 4546 4675 celebra-

1557 4735 1679 4787 tam
1708 4731 2030 4801 potentiam
2057 4728 2132 4785 ad
2160 4730 2404 4800 expetiti
2444 4733 2504 4785 et
2540 4730 2826 4800 insperati
2864 4729 3211 4786 universalis
3251 4727 3420 4784 huius
3461 4727 3599 4784 boni
3638 4727 4054 4800 perfectionem
4091 4747 4234 4799 prae
4279 4728 4545 4785 omnibus

1562 4838 1689 4897 aliis
1729 4841 2045 4913 propitiam
2085 4838 2210 4897 fore
2249 4836 2564 4908 confidenS,
2604 4837 2840 4895 dicavit.
4582 4847 4644 4893 30

1707 4947 1857 5019 Quid
1877 4968 2056 5021 porro
2077 4967 2285 5006 causae
2306 4946 2495 5004 subsit
2515 4967 2616 5005 cur
2644 4947 2796 5020 (cum
2825 4945 3242 5004 Illustrissimis
3272 4944 3586 5004 Ordinibus
3614 4946 4009 5020 gratissimam
4038 4950 4097 5002 et
4123 4943 4545 5017 perhonorifice

1562 5058 1635 5115 ab
1676 5058 1790 5116 illis
1831 5065 2132 5133 exceptam
2170 5058 2350 5116 fuisse
2387 5056 2535 5116 hanc
2576 5059 2696 5115 eius
2737 5057 3217 5131 propositionem,
3256 5077 3383 5114 cum
3434 5055 3721 5130 singulari
3770 5057 4022 5114 omnium
4064 5060 4392 5114 vestrorum
4430 5076 4546 5112 ma-

1561 5171 1808 5241 gnatum
1846 5169 2101 5227 auctoris
2141 5165 2657 5239 commendatione,
2685 5168 2745 5224 in
2773 5166 2894 5224 dies
2922 5167 3197 5225 maiorem
3226 5167 3285 5223 in
3314 5165 3542 5223 modum
3572 5166 3711 5222 mihi
3740 5164 4074 5237 confirmes)
4101 5164 4382 5223 hactenus
4410 5163 4544 5221 Illu-

1562 5277 1982 5333 strissimorum
2021 5275 2304 5332 Ordinum
2346 5274 2420 5331 ad
2459 5294 2588 5332 eum
2627 5294 2971 5347 responsum
3011 5275 3266 5331 nondum
3305 5276 3713 5345 comparuerit,
3740 5294 3846 5330 nec
3873 5273 4137 5330 divinare
4162 5292 4413 5344 possum,
4440 5291 4544 5328 nec

1561 5381 1978 5455 multiplicibus
2018 5381 2226 5453 quibus
2264 5381 2413 5438 Nob.
2454 5381 2720 5439 Realium
2759 5381 3062 5438 detentum
3100 5382 3279 5439 fuisse
3318 5380 3460 5437 dicis
3499 5379 3977 5453 occupationibus
4011 5381 4405 5450 acquiescere:
4444 5378 4543 5436 illo

1711 5541 1762 5580 (¹)
1798 5543 1891 5589 cfr.
1927 5554 1998 5590 n.0
2033 5544 2168 5590 3470.
